2540 4029
285 227 390 291 320
728 179 1428 259 PANEGYRICVS'
1465 179 1962 259 IENEN818.'

289 472 482 524 auctum
500 460 680 531 accepit
698 461 1038 531 patrimonium
1052 506 1063 523 ‚
1082 463 1130 511 in
1148 460 1331 512 summa
1355 479 1508 529 opum
1525 477 1666 530 atque
1687 457 1936 511 bonorum
1954 462 2208 515 adfluentia
2227 461 2355 528 vixit,

286 543 348 597 ab
369 535 755 609 imperatoribuS,
784 535 973 609 regibus
993 541 1045 589 &
1069 532 1360 606 principibus
1381 535 1532 588 cultus
1550 533 1638 586 fuit
1658 538 1709 588 ὅ(
1730 532 2021 598 honoratuS,
2049 557 2076 589 a
2094 536 2277 590 ciuibus
2297 554 2354 589 οἡ

289 615 483 673 mnibus
502 613 565 666 ita
582 629 786 666 amatus,
815 629 866 664 vt
884 611 1049 684 finguli
1070 629 1158 681 pro
1181 611 1277 662 eius
1297 611 1458 675 salute,
1487 611 1519 663 fi
1539 628 1661 680 opus
1681 607 1809 663 esset,
1839 608 1986 660 vitam
2009 628 2185 678 ponere
2204 613 2352 683 parati

286 690 557 745 exstiterint:
593 691 765 739 cuneta
784 686 866 757 ipsi
893 686 1111 757 prospere
1131 686 1448 740 successerunt.
1539 688 1800 757 Imperium
1822 682 1988 736 habuit
2005 684 2279 741 diuturnum
2302 693 2354 742 ὅ(

289 767 406 822 vltra
424 762 841 837 quadragesimum
861 781 1044 815 annum
1066 767 1363 834 protractum
1377 804 1389 823 ‚
1406 778 1640 832 praeterea
1658 778 1816 814 tutum
1838 764 1889 814 ὅ(
1909 760 2233 832 tranquillum:
2265 765 2356 816 flo-

289 841 562 896 rentiffimas
580 838 763 910 reliquit
787 838 1082 908 prouinciaS‚
1107 837 1282 891 saluam
1301 857 1400 891 rem
1421 836 1680 910 publicam.
1774 834 1908 908 Qid
1930 835 2086 889 dicam
2107 834 2166 888 de
2185 836 2353 890 coniu-

289 920 376 992 gio
404 933 456 971 vt
477 914 874 970 foecundissimo,
908 914 970 966 ita
997 918 1048 968 &
1078 914 1367 966 felicissimo?
1459 913 1732 967 Praedicent
1757 911 1965 965 Romani
1993 913 2354 966 matrimonium

286 992 478 1064 Trajani
499 995 550 1046 &
571 990 780 1044 Plotinae
798 987 867 1042 ob
887 990 1182 1043 concordiae
1200 989 1450 1061 mutuique
1467 990 1646 1042 amoris
1667 988 1893 1041 studium:
1920 989 2072 1057 major
2091 1004 2249 1040 tamen
2266 1007 2355 1040 no-

288 1070 363 1124 stri
382 1068 596 1130 felicitaS,
616 1064 755 1139 quod
776 1066 1118 1119 Serenissimam
1157 1069 1576 1119 MAGDALEN
1585 1068 1689 1118 AM
1725 1066 2142 1126 AVGVSTAM,
2168 1068 2357 1116 incom-

287 1143 546 1217 parabilem
572 1161 775 1215 vereque
805 1145 857 1196 &
881 1142 1107 1194 natalium
1138 1141 1407 1212 splendore,
1444 1146 1495 1196 ὃς
1523 1142 1754 1195 virtutum
1783 1139 1887 1191 luce
1912 1140 2157 1213 augustam
2184 1139 2357 1211 prinoi-

289 1241 424 1295 pem,
441 1220 561 1273 vitae
581 1236 833 1290 rerumque
851 1218 1078 1270 omnium
1095 1215 1260 1270 habuit
1275 1217 1468 1270 sociam.
1545 1215 1679 1290 Qid
1698 1215 1757 1267 de
1777 1216 1873 1268 eius
1893 1216 2123 1288 progenie
2140 1233 2358 1268 comme-

289 1315 505 1359 morem,
531 1313 677 1367 quam
705 1292 988 1345 immortalis
1017 1293 1104 1345 Dei
1125 1291 1361 1345 beneficio
1383 1294 1686 1344 numerosam
1708 1292 1925 1360 suscepit?
1969 1308 2144 1364 quanta
2165 1290 2357 1343 felicitas

291 1375 380 1431 est,
409 1388 484 1423 tot
509 1369 630 1422 filios
654 1370 890 1439 principes
915 1368 964 1420 in
985 1368 1156 1439 patriae
1174 1372 1225 1421 &
1242 1374 1468 1419 terrarum
1488 1366 1616 1419 orbis
1633 1366 1963 1420 commodum
1984 1371 2106 1419 recte
2124 1365 2361 1421 educasse5

290 1467 416 1522 quae
437 1445 658 1515 voluptas
676 1445 973 1496 constantem
994 1462 1165 1496 eorum
1187 1442 1432 1512 pietatem,
1453 1443 1853 1512 &incorruptam
1874 1444 2180 1495 reuerentiam
2201 1460 2361 1512 exper-

239 1556 242 1558 v
291 1541 398 1576 tum
419 1519 528 1573 effe?
567 1540 601 1572 o
621 1520 808 1572 felicem
829 1521 1311 1577 FRIDERICVM,
1328 1537 1362 1570 o
1382 1535 1449 1570 ter
1466 1536 1725 1592 quaterque
1744 1516 1959 1570 beatum!
1997 1519 2077 1593 qui
2098 1522 2148 1570 in
2166 1535 2263 1570 tam
2285 1537 2362 1570 ex-

293 1615 467 1669 optato
496 1614 652 1648 rerum
680 1597 864 1646 suarum
892 1595 1009 1647 statu
1034 1594 1308 1664 supremum
1335 1592 1447 1646 huic
1476 1593 1578 1649 vale
1609 1593 1724 1648 dixit
1748 1593 1946 1647 saeculo.
2044 1598 2160 1647 Hoc
2188 1592 2361 1645 scilicet*

293 1672 559 1746 praemium
581 1668 868 1723 incredibilis
887 1670 1027 1740 ipsius
1048 1670 1225 1722 virtutis
1245 1669 1347 1722 fuit.
1435 1720 1438 1723 .

435 1753 629 1801 Horreo
655 1747 787 1817 plura
817 1745 991 1799 dicere:
1035 1765 1166 1798 nunc
1195 1746 1324 1798 enim
1344 1763 1454 1797 mea
1473 1744 1631 1798 oratio
1649 1744 1709 1798 ad
1728 1744 1874 1797 finem
1895 1762 2178 1815 properans,
2205 1744 2266 1798 ad
2284 1743 2361 1797 fu-

293 1824 594 1877 nestiffimam
615 1826 725 1875 FRI
739 1825 995 1874 DERICI
1019 1837 1229 1874 mortem
1251 1821 1477 1892 peruenit.
1549 1825 1680 1885 Hm,
1700 1822 1917 1892 princeps
1936 1820 2142 1890 optime,
2159 1839 2261 1892 quo
2281 1818 2363 1872 ab·

296 1902 357 1951 is?
392 1898 505 1963 lieu,
525 1896 764 1969 religionis
783 1896 1088 1965 praesidium,
1106 1915 1210 1967 quo
1228 1896 1405 1948 tendis?
1441 1894 1536 1948 heu
1557 1895 1840 1963 reipublicae
1863 1895 2091 1949 fulcrum!
2128 1895 2223 1948 heu
2247 1899 2362 1947 Mu-·

297 1975 451 2028 sarum
473 1978 660 2042 portus!
703 1969 798 2022 heu
819 1970 963 2022 nostri
984 1988 1171 2021 amores
1195 1973 1246 2023 &
1267 1969 1481 2021 deliciae!
1558 1973 1739 2020 Eamne
1768 1968 1972 2020 incidere
1999 1983 2093 2020 nos
2120 1969 2359 2022 calamita—

295 2066 398 2101 tem
428 2062 670 2116 oporteat,
704 2061 756 2098 vt
783 2044 963 2119 integra
984 2042 1248 2115 republica,
1278 2047 1330 2096 &
1350 2041 1631 2095 florentibus
1652 2040 1883 2096 omnibus
1904 2041 2068 2109 rebu3‚
2091 2059 2138 2097 te
2157 2063 2260 2098 vno
2282 2063 2360 2096 or-

296 2124 394 2177 bati
415 2123 585 2175 fimus?
623 2141 655 2172 o
677 2118 905 2172 acerbum
929 2124 980 2174 δε
1002 2118 1351 2189 deplorandum
1372 2121 1554 2171 casum!

438 2198 579 2250 Enim
598 2214 715 2247 vero
735 2194 926 2246 felicitas
953 2200 986 2246 F
996 2197 1327 2247 RIDERICI
1347 2193 1492 2244 nostri
1514 2191 1610 2243 hoc
1630 2191 1734 2261 ipso
1754 2211 1858 2245 non
1879 2192 2159 2264 interrupta,
2179 2194 2258 2247 sed
2278 2215 2361 2249 au-

297 2280 374 2327 &a
394 2275 470 2326 est.
546 2272 698 2325 Nixus
719 2269 895 2320 meritis
917 2268 1043 2321 vnici
1075 2266 1378 2337 sospitatoris,
1408 2282 1560 2317 certus
1581 2265 1641 2317 de
1660 2269 1858 2319 numine
1879 2268 2162 2338 propitiam,
2197 2269 2362 2324 leniffia

295 2369 379 2402 ma
397 2365 557 2400 morte
571 2392 582 2409 ‚
614 2345 673 2399 ad
695 2343 983 2416 angelorum
1005 2341 1307 2395 consortium
1328 2337 1464 2404 abiit,
1495 2339 1760 2414 fruiturque
1780 2342 1938 2416 quiete
1959 2341 2242 2408 beatissima,
2272 2364 2364 2399 vo-

296 2425 479 2490 luptate
499 2419 745 2481 ineffabili,
781 2417 999 2471 felicitate
1021 2422 1230 2480 summa,
1263 2433 1404 2489 atque
1424 2431 1622 2469 aeterna.
1714 2421 1874 2471 Masta
1892 2417 2044 2491 gloria
2065 2422 2194 2475 Tua,
2228 2424 2363 2474 FRL

293 2503 342 2554 D
353 2504 387 2551 E
400 2504 438 2551 R
450 2502 468 2551 I
481 2503 524 2550 C
534 2502 589 2551 E!
627 2491 784 2570 gaude
806 2493 949 2546 bonis
971 2494 1062 2546 tuis
1080 2498 1112 2546 F
1121 2498 1162 2547 R
1174 2497 1194 2546 I
1206 2497 1250 2545 D
1262 2495 1296 2544 E
1307 2495 1347 2544 R
1360 2495 1378 2544 1
1390 2495 1434 2544 C
1446 2496 1503 2543 E!
1535 2508 1783 2546 aeternum
1804 2493 1863 2545 de
1884 2493 2019 2546 vietis
2039 2491 2255 2548 hostibus
2267 2541 2278 2560 ,
2303 2495 2364 2549 de

295 2574 512 2646 superatis
531 2573 663 2625 malis
687 2589 774 2644 age
793 2569 1121 2639 triumphum,
1152 2570 1573 2622 FRIDERICE!
1667 2568 1805 2623 Salue
1835 2568 2090 2622 beatiffime
2120 2570 2366 2643 princepS,

297 2655 350 2705 δε
370 2668 615 2703 aeternum
637 2647 751 2702 vale.

436 2729 514 2777 Tu
534 2743 647 2777 vero
660 2760 673 2778 ‚
695 2719 981 2774 Sereniffime
1012 2723 1093 2773 FR
1108 2720 1419 2772 IDERICE
1448 2717 1600 2782 tertie,
1622 2716 1878 2787 patriarum
1904 2733 1956 2771 vt
1975 2717 2334 2788 prouinciarum
2347 2756 2362 2778 ,

300 2801 363 2853 ita
383 2801 613 2853 virtutum
636 2797 809 2859 haereS,
823 2795 964 2847 heros
986 2812 1186 2868 magne,
1217 2792 1366 2863 imple
1386 2793 1589 2846 maximi
1609 2793 1823 2845 nominis
1845 2812 2017 2846 omen:
2051 2795 2197 2848 redde
2217 2795 2361 2848 nobis

297 2878 704 2936 PRIDERICL
724 2890 873 2946 quem
895 2870 1159 2929 amisimus,
1180 2868 1424 2940 pietatem:
1457 2868 1600 2920 redde
1620 2869 1716 2920 eius
1736 2867 1978 2921 iustitiam:
2012 2868 2157 2922 redde
2178 2871 2277 2924 eius
2298 2871 2361 2924 fii-

300 2952 548 3022 pientiam:
578 2949 723 3002 redde
743 2947 839 3000 eius
861 2944 1187 2998 clementiam:
1217 2943 1364 2996 redde
1383 2943 1481 2996 eius
1501 2942 1643 2996 nobis
1663 2943 1991 2997 constantiam.
2068 2949 2138 2999 Ita
2157 2948 2242 2998 est:
2263 2947 2358 2998 iam

302 3026 537 3078 reddidisti
557 3024 697 3077 nobis
717 3024 767 3076 in
789 3039 833 3073 te
853 3021 969 3073 haec
991 3018 1122 3071 bona
1142 3020 1323 3072 omnia.
1397 3023 1534 3072 Hauc
1554 3019 1708 3094 igitur,
1729 3017 1905 3088 optimi
1924 3020 2064 3089 patris
2083 3021 2151 3073 tui
2172 3021 2359 3093 imago!

302 3101 449 3163 Viue,
469 3106 518 3154 &
540 3103 685 3153 vitam
706 3100 800 3151 fine
821 3096 911 3150 vlla
933 3094 1198 3147 offenfione
1214 3096 1334 3147 inter
1353 3095 1580 3147 mortales
1601 3091 1784 3147 tamdiu
1804 3112 1912 3166 age,
1932 3094 2093 3149 donec
2111 3096 2255 3167 ipsam
2275 3113 2359 3147 na-

301 3189 452 3226 turam
480 3176 676 3227 satietate
707 3172 898 3227 viuendi
926 3171 1189 3240 expleueriS.
1268 3175 1396 3223 Deus
1417 3170 1567 3223 seruet
1585 3174 1677 3226 Te,
1706 3172 1740 3221 F
1751 3172 1881 3222 RID
1894 3174 1930 3222 E
1942 3173 2015 3224 RI
2028 3175 2071 3224 C
2084 3176 2120 3224 E
2149 3168 2333 3239 optime
2345 3214 2360 3236 ,

377 3253 507 3300 Deus
528 3250 672 3302 seruet
693 3255 763 3302 Te
796 3252 848 3301 ὃς
879 3246 1222 3299 Serenissimam
1245 3247 1459 3297 onrem
1492 3264 1650 3300 tuam,
1684 3244 1829 3297 seruet
1849 3245 2165 3299 Sereniffimos
2185 3249 2286 3298 Fra-

571 3342 686 3385 τῖες,
719 3327 864 3377 seruet
883 3320 1199 3377 Serenisfimas
1219 3323 1418 3373 Sorores
1431 3366 1443 3384 ,
1473 3320 1741 3374 celsissimae
1762 3337 1868 3374 tuae
1889 3320 2090 3375 familiae

1051 3397 1297 3448 conseruet
1327 3395 1609 3450 felicitatem.

1270 3475 1398 3522 Dixi.

2142 3543 2209 3586 111.
2236 3543 2360 3586 PRO-
