2540 4029
287 188 388 249 334
831 148 1211 220 ORATIO
1274 147 1784 220 GOTHANA.

284 437 434 502 jungo
453 433 737 479 clementiam.
811 432 943 479 Haec
967 447 1079 479 cum
1104 427 1150 478 in
1170 429 1384 479 animum
1407 427 1751 495 impotentem,
1785 425 1981 479 tristem,
1998 427 2219 479 liuidum,
2240 442 2342 474 ma-

284 508 324 559 le
345 505 612 565 adsuetum,
648 507 699 556 &
722 502 880 554 misere
900 501 1223 573 perturbatum
1245 500 1529 564 noncadat5
1569 499 1647 552 sed
1666 500 1875 553 serenae,
1908 499 1983 550 sed
2001 503 2144 563 mim,
2164 499 2239 552 sed
2261 499 2340 549 sibi

283 579 570 648 imperantis,
590 578 944 650 suauiffimaque
963 577 1140 629 amoris
1166 577 1475 628 redundantia
1496 576 1735 635 delinitae,
1754 577 1803 626 δε
1824 591 1933 646 erga
1952 591 2119 626 omnes
2135 574 2341 627 beneuo-

283 655 554 706 lentillimae
580 653 753 704 mentis
780 653 922 705 virtus
944 653 1020 708 sit,
1054 652 1263 705 tribuens
1288 652 1544 725 gaudium,
1574 649 1858 722 capiensque
1886 645 2164 710 tribuendo5
2197 669 2343 723 quan-

280 730 347 780 do
364 729 591 781 auxilium
616 729 806 798 praestat
825 727 1095 801 egentibus,
1128 727 1328 801 quando
1359 747 1536 797 poenas
1562 744 1640 781 aut
1668 725 1883 786 remittit,
1918 739 1998 774 aut
2025 722 2205 795 mitigat
2232 745 2343 795 pro-

282 804 481 867 meritis,
512 803 711 878 quando
743 804 949 868 subleuat
976 804 1165 856 mistros
1185 845 1198 861 ‚
1236 802 1435 875 quando
1461 803 1632 855 solatur
1659 794 1948 859 moerente8‚
1992 795 2343 872 verborumque

279 879 591 941 humanitate,
628 884 679 934 ὃς
699 879 855 932 vultus
875 879 1096 931 suauitate
1119 878 1338 931 exhilarat
1357 896 1554 931 omnes:
1589 877 1716 939 haee,
1736 877 1934 947 inquam
1950 919 1962 937 ‚
2004 874 2147 924 virtus
2165 890 2225 923 eo
2245 874 2343 926 feli-

280 957 460 1007 ciorem
492 954 667 1018 reddit,
714 960 766 1008 ὃς
792 954 852 1007 ad
883 955 1222 1008 clementissimi
1261 954 1597 1027 beatissimique
1629 950 1857 1005 Numinis
1896 946 2250 1000 similitudinem
2283 968 2345 1002 eo

280 1032 432 1103 magis
453 1030 631 1083 extollit
650 1030 936 1100 Principem,
974 1050 1075 1103 quo
1094 1031 1381 1082 miseriorem
1409 1030 1613 1083 faciunt,
1653 1026 1778 1081 &ad
1806 1024 2062 1077 infelicium
2091 1023 2344 1095 geniorum

279 1107 454 1159 sortem
478 1107 750 1177 deprimunt
768 1107 1060 1159 dominantis
1079 1107 1194 1160 irae,
1229 1106 1350 1169 odii,
1380 1103 1664 1166 acerbitatiS‚
1697 1099 2001 1154 immanitatis
2026 1116 2242 1151 tartareae
2262 1098 2347 1160 lar-

280 1201 388 1241 uae,
421 1187 472 1236 ὃς
497 1181 734 1235 horrenda
774 1200 919 1255 atque
942 1182 1168 1234 informia
1198 1183 1422 1238 monstra.
1523 1178 1731 1250 Populos
1765 1195 1885 1236 vero,⁴
1914 1191 2210 1248 quantopere
2239 1172 2348 1229 beet

279 1259 502 1328 Principis
520 1258 787 1322 clementia,
820 1258 852 1309 si
873 1257 1049 1328 prolixe
1071 1257 1392 1310 demonstrare
1409 1256 1671 1329 adgrediar,
1702 1270 1852 1325 aeque
1880 1250 2066 1320 ineptus
2095 1250 2204 1305 sim,
2229 1269 2284 1302 ac.
2312 1250 2348 1303 si

280 1334 427 1406 longa
452 1334 695 1391 oratione,
732 1333 868 1404 quod
897 1352 1068 1385 omnes
1089 1333 1314 1397 sentiunt,
1348 1336 1399 1385 ὃς
1420 1349 1626 1385 norunt,
1665 1326 1932 1399 persuadere
1958 1324 2168 1387 adnitar,
2203 1325 2346 1377 maxi*

279 1428 409 1460 mam
430 1411 586 1462 &toti
611 1408 718 1462 orbi
740 1409 923 1461 summe
945 1408 1186 1460 salutarem
1213 1408 1322 1459 almi
1352 1407 1479 1469 solis,
1516 1407 1702 1460 serenos
1731 1401 2054 1474 blandosque,
2089 1398 2260 1473 quibus
2292 1419 2348 1452 o-

277 1484 407 1535 mnia
427 1488 675 1539 sonentur,
694 1485 932 1536 continuo
953 1482 1238 1535 effundentis
1262 1482 1437 1545 radiOS,
1462 1481 1546 1534 esse
1567 1482 1664 1535 vim
1695 1496 1839 1552 atque
1862 1477 2120 1530 efficaciam
2139 1476 2188 1528 in
2205 1474 2349 1536 rebus

277 1559 561 1621 recreandis,
601 1577 720 1612 terra
752 1558 1113 1623 foecundanda,
1154 1563 1205 1612 &
1233 1559 1350 1622 vita,
1389 1562 1531 1619 flore,
1563 1557 1731 1629 vigore
1757 1552 1985 1606 omnibus
2013 1550 2348 1621 impertiendo.

278 1643 431 1714 Qiod
454 1659 611 1696 autern
636 1643 905 1707 clementia,
936 1643 1098 1695 diuina
1119 1642 1194 1696 illa
1216 1644 1379 1706 virtus,
1399 1642 1689 1694 mitissimum
1729 1624 2350 1705 FRIDERICVM

275 1720 515 1782 nostrum,
549 1718 676 1791 quali
699 1738 805 1788 prae
830 1719 927 1772 aliis
944 1719 1159 1792 elegerit,
1196 1719 1244 1771 in
1263 1738 1365 1792 quo
1385 1719 1574 1770 vultum
1592 1715 1875 1770 amabilem,
1906 1718 1956 1768 &
1978 1714 2095 1766 vires
2116 1712 2347 1766 saluberri-

278 1822 378 1855 mas
400 1802 525 1855 terris
545 1802 834 1856 ostenderet,
865 1802 911 1853 id
941 1803 1138 1875 quidem
1161 1821 1310 1855 nemo
1340 1800 1596 1864 dubitabit,
1631 1800 1715 1854 nisi
1736 1802 1819 1873 qui
1851 1790 2008 1854 tanti
2027 1788 2348 1874 Principis,

275 1879 407 1929 cuius
435 1879 588 1929 serena
617 1878 755 1928 facies
787 1877 834 1927 in
866 1880 1090 1929 omnium
1122 1879 1299 1929 ciuium
1331 1897 1436 1939 ore,
1477 1876 1652 1936 oculiS,
1685 1880 1881 1944 pectore
1910 1875 2064 1937 sedet,
2106 1874 2154 1925 in
2177 1877 2347 1927 'animo

278 1953 586 2004 informatam
620 1949 788 2002 habeat
807 1952 1064 2024 imaginem
1086 1951 1226 2019 plane
1246 1950 1438 2002 nullam.
1514 1954 1571 1999 Et
1597 1948 1799 2018 quando
1829 1968 1925 2020 ego
1953 1948 2181 1999 orationis
2204 1949 2347 2001 huius

277 2028 534 2080 terminum
558 2025 824 2094 reperirem,
858 2025 889 2076 fi
917 2044 996 2096 per
1016 2025 1264 2076 innumera
1285 2022 1558 2074 clementiae
1587 2026 1666 2073 FR
1681 2025 2183 2075 lDERlCIANAE
2216 2024 2345 2078 vesti-

276 2103 353 2176 gia.
375 2099 608 2172 ruspando
631 2100 865 2160 incedere,
909 2106 960 2155 δε
981 2099 1053 2152 vel
1073 2099 1345 2151 exstantiora
1370 2097 1526 2149 saltem
1550 2095 1758 2148 dicendo
1788 2097 1994 2168 persequi
2016 2094 2186 2149 velim?
2261 2098 2346 2152 llla

275 2195 424 2231 certe,
466 2177 529 2230 vti
558 2175 734 2248 liquida
761 2179 812 2229 <Sc
843 2176 993 2227 serena
1020 2175 1118 2236 lux,
1152 2175 1199 2225 in
1221 2192 1393 2225 omnes
1421 2173 1662 2224 ditionum
1684 2172 1871 2223 suarum
1892 2171 2094 2244 angulos
2113 2173 2153 2224 se
2171 2174 2342 2243 permi-

274 2253 349 2315 sit,
385 2253 695 2321 summosque
728 2268 839 2300 cum
868 2250 1041 2301 infimis
1069 2247 1263 2302 mirifice
1281 2248 1447 2298 omnia
1470 2245 1748 2298 exhilarante
1774 2245 2063 2319 benignitate
2084 2247 2342 2317 permulsit.

276 2328 354 2380 Illa
390 2328 729 2379 PRINClPI
764 2327 1068 2376 OPTIMO
1099 2321 1342 2384 eamdem,
1375 2340 1522 2393 quam
1548 2320 1668 2372 olirn
1689 2321 1782 2385 isti,
1815 2341 1896 2394 qui
1921 2326 1972 2374 &
1995 2319 2080 2372 suo
2100 2322 2274 2376 merito
2293 2344 2341 2377 a·

276 2420 386 2454 mor
403 2421 457 2453 ac
478 2399 667 2452 deliciae
684 2398 869 2471 generis
889 2397 1085 2451 humani
1105 2397 1362 2468 adpellatus
1381 2397 1468 2460 est,
1499 2397 1613 2448 Tito
1631 2396 1798 2448 scilicet
1809 2395 2107 2466 Vespasiano,
2127 2416 2343 2454 mentem

273 2477 428 2540 dedit,
462 2495 514 2528 vt
533 2476 660 2528 diem
682 2480 722 2527 se
746 2473 986 2544 perdidiffe
1013 2473 1260 2536 iudicaret,
1283 2492 1400 2546 *quo
1429 2491 1534 2524 non
1560 2472 1871 2524 memorabile
1903 2472 2097 2544 aliquod
2122 2473 2342 2527 benefici-

274 2572 358 2606 um
385 2553 434 2604 in
454 2553 728 2626 quempiam
751 2550 1036 2610 contulisset,
1071 2554 1122 2604 &
1141 2567 1192 2601 vt
1211 2549 1453 2601 neminem
1474 2569 1500 2600 a
1519 2547 1635 2600 facie
1661 2548 1739 2601 sua
1771 2548 1942 2601 tristem
1971 2549 2111 2601 vellet
2141 2549 2341 2604 disctde-

270 2648 330 2681 re.
406 2627 448 2680 Si
470 2647 584 2681 vero
607 2626 846 2679 interdum
871 2645 1002 2678 atrox
1020 2625 1221 2699 aliquod
1241 2625 1469 2677 defletum
1489 2624 1774 2677 seueritatem
1797 2623 2041 2697 flagitauit,
2076 2644 2222 2697 quam
2240 2625 2350 2679 len-v

270 2720 367 2767 tus,
399 2722 542 2776 quam
564 2703 767 2758 inuitus,
792 2712 942 2775 “quam
966 2700 1134 2754 dolens
1151 2701 1210 2754 ad
1236 2720 1446 2772 poenam
1468 2699 1668 2752 acceflit!
1703 2699 1869 2752 maluit
1892 2700 2019 2752 enim
2038 2699 2215 2771 semper
2236 2721 2338 2755 ma-

269 2786 506 2832 ximorum
536 2779 762 2832 scelerum
783 2797 877 2830 vim
908 2779 1110 2830 tenuiori
1135 2775 1543 2829 animaduersione
1565 2774 1839 2848 infringere,
1879 2793 2025 2847 quam
2059 2779 2353 2832 committe-·

269 2874 342 2918 re,
380 2872 428 2909 Vt
447 2854 658 2907 acerbius
682 2858 733 2908 {x
753 2852 984 2905 immitius
1004 2852 1140 2927 egisse
1157 2897 1169 2916 ‚
1210 2853 1362 2905 iraeue
1392 2848 1620 2904 indulsisse
1641 2851 1809 2902 censeri
1839 2849 1998 2920 poffet.

409 2935 583 3002 Neque
603 2948 761 2982 tamen
781 2929 841 2980 ita
859 2948 1132 2998 comparata
1150 2929 1226 2981 illa
1245 2928 1333 2980 fuit
1351 2927 1620 2989 clementia,
1656 2943 1705 2978 vt
1725 2929 1933 2994 iustitiam
1953 2925 2255 2983 desiderares,
2277 2926 2332 2980 fi-

271 3022 331 3056 ne
365 3024 457 3077 qua
481 3006 588 3058 felix
618 3006 917 3076 faustumque
947 3004 1030 3057 effe
1049 3006 1301 3074 imperium
1324 3004 1510 3057 nullum
1534 3001 1698 3071 potest.
1774 3002 1862 3053 Sed
1883 3002 2020 3054 huius
2049 3006 2187 3056 etiarn
2213 3002 2331 3054 diui-

271 3105 358 3139 nae
382 3089 561 3141 virtutis
582 3086 810 3140 fruetibus
829 3086 1074 3140 vberrimis
1099 3110 1124 3142 a
1151 3080 1198 3143 F
1211 3079 1308 3143 RI
1324 3080 1384 3144 D
1401 3078 1557 3143 ERI
1575 3075 1701 3140 CO
1730 3087 1895 3137 nostro
1918 3083 2077 3141 beatae
2099 3087 2204 3141 sunt
2219 3105 2329 3157 pro-

269 3163 449 3215 uinciae
471 3164 608 3232 ipsius
625 3166 638 3214 i
646 3164 829 3233 mperio
853 3162 1093 3217 subjeetae.
1156 3166 1288 3238 Qid
1312 3167 1437 3218 enim
1458 3163 1582 3216 aliud
1604 3163 1708 3215 sunt
1726 3179 1800 3214 tot
1818 3161 1944 3234 leges
1965 3162 2328 3234 sapientissimae,

269 3255 408 3309 atque
437 3241 762 3309 aequissimae,
796 3240 854 3290 ad
887 3238 1029 3291 viram
1061 3238 1254 3293 honeste
1285 3260 1425 3314 atque
1459 3238 1702 3313 tranquille
1730 3235 2027 3310 degendam,
2067 3238 2125 3291 ad
2155 3254 2326 3289 cauen-

269 3312 379 3364 dam
401 3311 602 3364 aliorum
624 3315 891 3377 laesionem,
915 3320 964 3368 ὃς
982 3310 1118 3366 suum
1141 3316 1310 3389 cuique
1337 3318 1385 3368 in
1408 3315 1792 3389 quibuscumque
1811 3306 1991 3379 casibus
2010 3315 2058 3365 in
2076 3314 2166 3366 vita
2185 3330 2325 3365 com·

267 3388 399 3441 muni
434 3386 588 3439 obuiis
615 3388 947 3454 tribuendum,
984 3390 1110 3462 quasi
1143 3392 1337 3446 vinculis
1370 3390 1654 3464 quibusdam
1675 3387 2003 3451 structioribus,
2041 3406 2239 3458 omnem
2260 3387 2326 3440 ci·

2186 3481 2320 3515 ulum
