2540 4029
268 106 370 166 354
769 76 1096 144 sERMo
1126 75 1809 145 PANEGYRICVS.

269 344 627 419 DERICV
645 347 697 406 S.
721 361 1006 407 NosTER.
1034 362 1528 407 SERENissles
1557 355 1697 407 talem
1718 357 1759 407 se
1777 359 1914 427 gerit,
1941 361 2102 433 quales
2121 360 2195 411 vix
2214 375 2323 411 cen-

268 454 372 489 tum
392 433 491 486 alii,
530 429 832 482 seueriffimae
851 430 960 482 licet
980 428 1247 499 disciplinae
1272 429 1493 481 adstricti:
1532 429 1604 482 ille
1626 430 1828 482 demum
1857 431 1950 484 fine
1981 434 2187 503 periculo
2218 451 2326 487 cor-

268 508 551 578 ruptelarum
573 505 841 575 prouincias
860 524 1102 578 peragrare
1122 506 1272 575 potest
1293 522 1463 557 exteras
1477 547 1490 566 ‚
1525 507 1660 559 cuius
1689 506 1750 557 ita
1774 502 2051 561 obfirmatus
2072 512 2326 563 virtutum·

265 603 359 656 que
378 581 591 652 praefidio
609 580 820 633 munitus
840 583 901 633 est
921 582 1128 643 animm,
1165 598 1216 633 vt
1245 598 1299 631 ex
1324 580 1578 636 omnibus,
1607 599 1920 654 quaecunque
1946 601 2222 648 occurrant,
2254 584 2326 636 ni-

263 658 354 718 hil,
391 657 475 709 nifi
492 656 630 730 quod
656 654 729 708 vel
749 654 831 707 fibi
853 655 925 710 vel
951 658 1051 708 suae
1069 654 1348 726 reipublicae
1375 656 1564 708 salutare
1580 657 1689 710 sciat
1717 655 2096 728 futurum'eligat
2114 675 2267 733 ‘atque
2294 659 2327 710 i·

264 734 468 788 mitetur.
548 732 705 804 Digna
725 730 929 801 proinde
955 738 1132 783 DIVI.
1154 737 1508 784 PRINCIPIS
1537 734 1599 785 est
1619 731 1932 804 peregrinatio
1953 750 2098 804 quarn
2118 733 2329 787 intuean-

265 827 340 863 tur
366 824 616 880 quotquot
643 823 827 859 exteros
856 805 1022 860 adituri
1054 806 1179 868 sunt,
1211 806 1385 876 pedem
1415 808 1598 860 relaturi
1626 806 1934 863 inoffensum.
2008 807 2194 860 Batauia
2213 827 2330 872 erat,

266 882 562 937 inclutiffima
579 881 652 934 ilia
671 879 910 935 bonarum
934 882 1059 934 sedes
1081 882 1276 937 artium,
1306 901 1452 955 quam
1480 883 1684 953 primam
1702 883 1937 953 adspectui
1957 884 2053 934 Suo
2074 881 2330 936 destinaue-

266 977 347 1023 rat,
367 956 445 1011 vbi
466 976 620 1031 quum
641 956 906 1022 aduenisset,
926 977 960 1009 ο
981 975 1157 1030 quanta
1183 961 1406 1013 D1V1N1.
1426 964 1478 1011 N
1487 962 1663 1012 VMIN
1666 963 1715 1012 IS
1736 958 2010 1012 reuerentia,
2022 974 2196 1030 quanta
2207 975 2330 1023 cura,

265 1051 443 1107 quanta
455 1032 704 1103 cupiditate
716 1032 838 1086 sacra
849 1031 1040 1086 obibat!
1059 1031 1172 1085 nihil
1186 1033 1312 1102 prius
1324 1031 1516 1090 habens,
1528 1054 1675 1107 quam
1686 1051 1736 1087 vt
1748 1039 1870 1088 Deo,
1884 1034 2017 1084 cuius
2030 1034 2176 1084 duCtu
2191 1038 2240 1087 δε
2252 1051 2330 1084 au·

267 1109 417 1181 spiciis
445 1108 589 1161 ssluus
619 1109 807 1170 exierat,
845 1108 997 1163 saluus
1028 1126 1244 1168 venerat,
1279 1110 1446 1182 gratias
1473 1109 1664 1181 publice
1694 1109 1972 1180 persolueret
1991 1153 2003 1172 ,
2038 1113 2258 1181 Eumque
2283 1108 2331 1159 in

267 1201 418 1257 partes
439 1201 629 1237 vocaret
646 1186 772 1239 Suas,
849 1189 1024 1258 Neque
1043 1184 1197 1237 surdas
1217 1185 1349 1237 irritis
1370 1186 1590 1256 precibus
1614 1204 1744 1238 aures
1769 1185 2103 1254 adstrepuerat:
2141 1182 2331 1237 videba-

266 1278 341 1313 tur
363 1259 493 1312 enim
523 1258 682 1310 diuina
710 1258 1012 1328 prouidentia
1037 1261 1145 1312 Eius
1170 1262 1218 1312 in
1243 1259 1504 1313 aduentum
1527 1280 1842 1334 quaecunque
1861 1261 1937 1313 vel
1958 1258 2018 1310 ad
2038 1258 2160 1329 pacis
2178 1259 2253 1313 vel
2273 1258 2332 1311 ad

267 1334 377 1388 belli
398 1352 512 1388 artes
532 1334 832 1405 pertinerent,
864 1334 1043 1408 integra
1063 1334 1298 1387 reseruass'e
1317 1337 1495 1388 omnia.
1570 1336 1658 1390 Vix
1677 1335 1883 1388 biduum
1903 1335 2101 1387 Traiecti
2130 1334 2334 1387 substite-

266 1427 360 1470 rat,
401 1429 552 1482 quum
582 1409 694 1461 haut
711 1428 840 1462 vano
862 1410 1175 1483 cognosceret
1194 1429 1412 1472 rumore,
1444 1429 1679 1485 magnum
1701 1411 1838 1464 lllum
1857 1429 2057 1482 magnae
2079 1410 2333 1462 Britanniae

269 1492 372 1537 GV
375 1493 521 1537 ILIE
527 1493 642 1536 LM
649 1493 756 1537 VM
791 1489 981 1558 Hagam
1015 1485 1206 1549 venisse,
1237 1504 1382 1558 quem
1405 1486 1677 1539 salutaturus
1706 1484 1832 1539 illico
1861 1486 2043 1549 adibat,
2073 1505 2178 1538 non
2204 1485 2334 1558 igna-

265 1580 367 1615 rus,
405 1559 586 1611 nullam
609 1559 730 1612 bene
755 1559 1019 1630 imperandi
1041 1560 1358 1614 efficaciorem
1384 1561 1468 1614 effe
1498 1562 1841 1615 institutionem
1871 1560 2097 1632 exemplis
2128 1580 2333 1634 magno--

268 1656 374 1689 rum
397 1634 598 1687 consilio
613 1639 664 1688 ἃ
687 1634 854 1688 virtute
876 1636 1146 1707 Principum
1171 1636 1432 1711 taliumque
1451 1638 1601 1711 qualis
1622 1654 1727 1691 tum
1747 1656 1843 1691 erat
1864 1644 1964 1692 GV
1968 1645 2033 1691 IL
2043 1645 2112 1689 IE
2118 1645 2156 1689 L
2166 1644 2235 1688 M
2241 1643 2289 1688 V
2293 1644 2334 1688 S.

268 1712 360 1764 Hic
385 1710 472 1762 alia
491 1730 544 1762 ex
563 1709 646 1762 alia
665 1709 949 1779 proficiendi
970 1710 1251 1765 occurrebat
1269 1713 1474 1765 occasio.
1536 1712 1827 1766 Abundabat
1845 1733 1899 1767 ea
1921 1714 2192 1783 tempestate
2208 1712 2334 1764 sum-

266 1788 361 1839 mis
388 1786 536 1838 totius
554 1790 771 1856 Europae
789 1786 1098 1857 PrincipibuS‚
1127 1787 1403 1841 abundabat
1421 1788 1727 1842 inclutiffimis
1758 1791 1808 1842 in
1839 1806 1957 1865 toga
1988 1787 2216 1841 heroibus
2236 1791 2330 1840 Ha-

267 1882 352 1933 ga,
385 1861 580 1934 quibus,
600 1880 753 1934 quum
770 1861 1064 1925 innotuisset,
1093 1863 1155 1916 fic
1178 1863 1395 1917 Vtebatur
1414 1884 1552 1917 more
1573 1869 1682 1924 suo,
1704 1883 1753 1919 vt
1773 1869 1825 1919 <Se
1843 1866 2052 1917 multum
2075 1863 2204 1916 exiis
2221 1881 2333 1933 pro-

270 1937 451 1991 ficeret,
486 1939 537 1988 &
556 1935 787 1986 omnibus
807 1938 1064 1989 maximam
1087 1938 1166 1989 Sui
1192 1939 1402 1989 iniiceret
1418 1939 1804 1990 admirationem.
1877 1938 2048 1991 Nolite
2066 1954 2224 1990 autem
2242 1955 2331 2008 pu-

269 2029 385 2074 tare,
422 2008 700 2071 Auditores‚
734 2009 1002 2062 studiorum
1023 2010 1196 2061 interea
1218 2012 1448 2080 temporis
1467 2010 1684 2063 omissam
1710 2010 1796 2063 effe
1824 2013 2084 2067 rationem,
2116 2031 2331 2083 quorum

270 2084 646 2138 excolendorum
671 2084 895 2148 consili0‚
931 2104 1044 2137 cum
1064 2085 1224 2137 omnis
1245 2086 1583 2160 peregrinatio,
1624 2103 1727 2138 tum
1757 2087 2002 2157 praecipue
2031 2086 2093 2139 ad
2126 2091 2330 2139 Batauos

269 2161 532 2230 susceptum
553 2175 647 2210 erat
671 2158 767 2213 iter.
842 2158 1219 2232 Geographiam‚
1253 2161 1603 2223 Geomefflam,
1631 2161 1913 2217 Historiam,
1945 2165 2110 2214 Artem
2140 2161 2330 2236 infigni·

271 2256 379 2298 um,
408 2236 638 2306 equestres
665 2250 893 2301 praeterea
922 2235 1134 2304 tantique
1157 2238 1543 2287 PRINCIPIS
1573 2225 1768 2304 persor-ia
1792 2235 1960 2309 dignas
1983 2236 2032 2287 in
2059 2237 2329 2291 vniuerliam

271 2328 444 2363 ornnes
468 2308 529 2360 sic
547 2304 772 2360 tractabat
789 2324 928 2366 artes,
967 2323 1023 2360 vt
1045 2306 1164 2359 nihil
1184 2325 1380 2363 eorum,
1415 2328 1537 2380 quae
1555 2308 1614 2362 ad
1631 2310 1861 2364 culturam
1882 2312 2247 2383 praestantissimi
2264 2330 2331 2365 at-

269 2382 688 2456 tinerentingenii‚
718 2382 1111 2451 praetermitteret.
1169 2387 1302 2435 Haec
1320 2384 1367 2435 in
1387 2383 1570 2437 Batauia
1591 2405 1674 2456 per
1691 2385 1916 2458 hyemem
1943 2391 2058 2439 afta.
2117 2388 2329 2441 Destina-

269 2481 312 2515 ta
332 2458 695 2533 peregrinationi
715 2457 854 2511 etiam
874 2474 969 2510 erat
991 2457 1159 2532 Anglia
1173 2503 1186 2522 ,
1222 2459 1433 2513 virorum
1454 2460 1652 2536 ingenio
1672 2463 2015 2536 prudentiaque
2039 2463 2330 2516 acutissimo-

267 2557 397 2597 rum,
421 2541 715 2606 Ducumque
736 2532 1254 2595 excellentisfimorum‚
1289 2539 1340 2590 <Sc
1361 2552 1644 2610 togatorum
1666 2542 1716 2593 δε
1732 2539 2002 2613 sagatorum
2027 2538 2328 2595 fertilissima,

268 2613 400 2666 cuius
425 2609 638 2665 visendae
665 2609 816 2681 gratia
847 2628 1000 2681 quum
1030 2608 1252 2684 ingreffus
1283 2610 1389 2664 effer
1409 2614 1515 2677 iter,
1550 2613 1761 2688 illudque
1786 2634 1841 2667 ex
1863 2623 2009 2670 voto,
2047 2614 2203 2668 inuito
2218 2614 2329 2668 licet

265 2691 498 2742 fluctuum
517 2684 927 2757 procellarumque
947 2681 1135 2738 fremitu
1156 2686 1411 2755 superasset,
1447 2689 1678 2763 quicquid
1704 2688 1910 2744 habebat
1937 2708 1991 2742 ea
2011 2690 2144 2762 regio
2163 2690 2236 2743 vel
2255 2690 2325 2743 di-

265 2783 417 2838 gnum
441 2763 539 2816 visu
561 2760 633 2814 vel
655 2779 835 2823 rarum,
872 2760 1021 2812 oculis
1042 2759 1258 2814 lustrabat
1274 2763 1603 2828 attentissimis,
1635 2765 1698 2819 ita
1717 2782 1900 2830 tamen,
1937 2782 1988 2818 vt
2005 2764 2186 2830 aulam,
2204 2784 2326 2840 quae

263 2858 440 2913 regno,
475 2842 526 2892 ὅ(
545 2837 800 2909 Reginam,
836 2854 954 2907 quae
973 2837 1103 2889 aulae
1125 2854 1220 2889 erat
1249 2857 1539 2893 ornamento
1568 2840 1692 2911 prius
1721 2841 1888 2896 adiret,
1921 2840 2151 2896 salutaret,
2187 2859 2326 2896 vene—

265 2933 450 2966 raretur.
530 2917 758 2985 Longum
788 2910 931 2970 foret,
966 2930 1260 2984 quantopere
1276 2914 1427 2969 Huic,
1463 2934 1758 2989 quantopere
1787 2917 1956 2968 iterum
1975 2916 2092 2990 Regi
2125 2936 2229 2970 non
2260 2917 2324 2968 ita

266 2990 421 3041 multo
442 2990 545 3059 post
561 3008 613 3040 ex
635 2988 792 3039 itinere
813 2985 984 3050 reduci,
1018 3006 1315 3060 quantopere
1334 2990 1482 3043 totius
1501 2992 1634 3065 regni
1651 2988 1940 3061 Principibus
1960 2992 2045 3043 sese
2062 2991 2323 3045 infinuaue-·

266 3065 342 3117 rit,
373 3063 640 3132 probauerit
657 3109 668 3125 ‚
698 3060 936 3130 explicare.
1013 3066 1178 3116 Vnum
1199 3064 1297 3116 hoc
1318 3065 1473 3118 dixiffe
1502 3067 1706 3131 sufficiat,
1731 3070 1966 3120 SEREN
1981 3071 1999 3119 Ι
2015 3070 2043 3119 S
2057 3071 2113 3120 SI
2127 3069 2319 3121 MVM.·

265 3141 375 3190 PRI
391 3144 439 3191 N
452 3143 521 3191 CI
542 3143 684 3191 PEM
714 3135 999 3189 diffiniulato
1020 3140 1158 3191 etiam
1181 3160 1268 3210 pro
1292 3141 1371 3194 sua
1394 3142 1647 3206 modestia,
1687 3161 1800 3196 vero
1829 3143 2057 3198 nomine,
2089 3140 2314 3213 impedire

262 3232 366 3266 non
394 3215 611 3281 potuisse,
653 3214 795 3282 quin,
829 3212 1139 3266 emicantibus
1169 3217 1364 3270 excelsae
1390 3217 1566 3271 indolis
1595 3219 1920 3292 virtutumque
1954 3223 2151 3271 Suarum
2177 3214 2313 3268 radiis

258 3287 443 3363 agnitus
465 3287 609 3361 longe
628 3289 721 3341 aliis
741 3288 1052 3359 praeferretur.
1130 3291 1433 3346 Alliciebatur
1450 3312 1608 3347 autem
1634 3294 1682 3346 in
1702 3295 1864 3363 primis
1882 3294 2020 3349 etiam
2032 3299 2191 3347 Portus
2204 3293 2313 3343 Ma-

2227 3366 2310 3439 gni
