2540 4029
283 175 380 259 '3130'
732 162 1389 275 PROGRAMMA
1447 163 1887 239 IENENSE.
2331 267 2333 269 Ι

294 438 492 489 segregata
518 431 566 473 ab
591 436 707 473 omni
725 438 983 476 concretione
1010 435 1168 477 mortali
1186 436 1410 486 aduolauit,
1434 435 1502 476 vbi
1519 448 1623 478 aeuo
1649 436 1918 490 sempiterno,
1941 443 2226 496 perpetuisque
2255 438 2356 481 frui-

293 505 355 537 tur
375 495 512 544 bonis,
537 493 646 535 nullo
672 493 810 538 dolore
836 508 911 538 nec
929 496 1199 553 impediente,
1224 504 1301 541 nec
1317 497 1601 555 impendente:
1648 498 1714 541 sed
1734 498 1907 541 maurae
1924 503 1970 542 in
1993 515 2042 543 eo
2066 504 2193 546 fabiae
2214 499 2358 544 acerba

293 555 516 599 recordatio
535 560 769 613 prouincias
789 561 956 616 pariter,
982 573 1029 602 ac
1044 561 1163 603 vrbes
1183 570 1221 603 et
1243 564 1377 614 vicos,
1406 565 1476 618 qui
1496 563 1570 617 ipfi
1590 560 1780 618 paruisse,
1805 564 1852 603 in
1869 560 2067 605 felicitatis
2091 566 2179 610 fiiae
2204 564 2358 620 praeci-

294 632 401 676 puae
419 629 532 675 parte
548 619 715 672 habent,
738 622 922 666 lamentis
938 623 1142 679 impleuit,
1161 634 1205 667 vt
1226 625 1359 668 cunffl
1387 626 1582 677 lacrimis,
1611 626 1797 681 iustoque
1826 624 2076 679 comploratu
2099 626 2360 671 tristiffimum

295 686 352 724 ita
368 685 652 739 prosequantur
665 683 808 738 funus,
831 703 878 732 ac
893 688 922 728 fi
942 691 1077 730 omnia
1095 691 1141 730 in
1156 701 1240 731 vno
1265 688 1505 740 occiderint,
1533 686 1778 745 infinitoque
1794 687 2001 744 plangore,
2024 697 2065 729 et
2079 687 2360 732 lamentatione

285 755 322 791 *e
340 749 482 788 mortis
500 745 680 789 faucibus
697 748 843 791 redimi
860 748 975 808 poffit
991 754 1182 807 princeps
1200 751 1289 808 post
1311 752 1500 795 homines
1517 763 1634 801 natos
1650 750 1963 807 religiofiffimus
1973 782 1986 803 ,
2013 760 2133 806 atque
2151 751 2361 805 indulgen-

296 807 475 851 tiffimus.
524 812 590 852 Ex
607 811 876 866 augustiffima
894 815 1102 856 Saxonum
1119 826 1240 869 gente
1257 826 1300 857 vt
1320 817 1574 872 sanguinem,
1599 819 1655 858 ita
1674 827 1714 859 et
1730 818 1859 859 animi
1876 812 2018 856 excelsi
2035 812 2215 855 indolem
2230 813 2363 856 duxit:

297 871 395 915 ideo
414 874 652 928 religionem
674 875 867 928 faustam,
894 887 933 918 et
950 890 1116 934 puram,
1150 890 1230 934 ope
1250 877 1380 921 diuini
1406 891 1639 922 Lvrimnt
1667 882 1711 922 in
1740 878 1953 935 pristinum
1980 874 2231 932 splendorem
2255 874 2365 916 resti-

301 944 442 987 tutam,
459 938 915 992 atqueagloriofiffimis
934 939 1172 993 maioribus,
1203 954 1456 984 IOHANNE
1481 941 1699 993 constanti,
1727 952 1767 983 et
1796 952 2047 983 ioHANNE
2074 947 2365 980 Fiunmuco

301 1005 564 1056 magnanimo
585 1003 738 1048 fortiter
756 1004 980 1059 defensam,
1007 1018 1045 1050 et
1062 1007 1142 1062 ipse
1161 1008 1386 1050 constanter
1403 1007 1546 1060 coluit,
1572 1017 1610 1049 et
1631 1009 1676 1049 in
1694 1006 1864 1049 ditionis
1882 1007 1970 1048 suae
1986 1005 2212 1059 prouinciis
2229 1001 2368 1043 sartam

305 1067 448 1109 testam
471 1067 520 1110 ab
541 1071 657 1111 omni
673 1070 849 1125 periculo
868 1071 1138 1121 conseruauit,
1163 1084 1447 1128 praetereaque
1465 1084 1608 1112 omnes
1633 1072 1795 1124 magni,
1821 1080 1861 1112 et
1878 1066 2046 1125 perfeffl
2069 1067 2266 1123 principis
2292 1076 2369 1105 nu-

302 1144 440 1173 meros
457 1131 653 1188 impleuit.
703 1135 871 1176 Virtutis
889 1134 1020 1177 lucem
1036 1149 1057 1176 a
1078 1136 1305 1188 natiuitate,
1332 1148 1435 1191 quae
1453 1134 1562 1177 diem
1578 1147 1662 1176 xxv
1672 1131 1887 1187 Quinc'iilis
1905 1133 1953 1175 A.
1961 1133 2012 1174 R.
2023 1132 2075 1173 G.
2093 1133 2155 1173 clo
2166 1132 2230 1173 loc
2241 1139 2369 1170 Lxxvt

303 1193 483 1245 illustrat,
517 1209 611 1250 prae
637 1197 673 1238 se
699 1197 785 1239 tulit
808 1201 975 1252 egregio
1006 1198 1271 1253 refulgentem
1296 1199 1525 1255 splendore,
1557 1201 1598 1241 ὃς
1615 1209 1697 1241 tam
1721 1200 1846 1254 patris
1873 1194 2162 1239 firminum
2185 1196 2202 1236 Ι
2229 1194 2371 1234 eximii

305 1262 537 1314 principum
554 1259 731 1312 decoris,
757 1274 877 1318 quam
894 1265 983 1314 aui,
1008 1276 1254 1315 ERNEsrr,
1279 1277 1322 1304 re
1338 1277 1382 1305 ac
1401 1264 1571 1304 nomine
1589 1264 1665 1317 pii,
1686 1272 1806 1318 atque
1824 1270 2069 1310 ceterorum,
2095 1270 2267 1315 quorum
2286 1255 2372 1310 glo‘

308 1326 372 1365 ria
390 1326 577 1366 omnium
594 1328 775 1378 gentium
791 1325 998 1367 annalibus
1014 1325 1249 1377 celebratur,
1269 1325 1440 1368 heroum
1460 1327 1668 1367 Saxonum
1687 1324 1826 1367 laudes
1844 1322 2006 1366 scitatus
2016 1353 2028 1374 ,
2058 1319 2247 1363 omnibus
2263 1318 2374 1362 lucu-

310 1385 420 1428 lento
441 1386 539 1429 redii
553 1391 679 1429 moris
701 1389 888 1444 exemplo
908 1390 1092 1443 praeiuit.
1151 1391 1369 1431 Pueritiam
1387 1393 1440 1431 iis
1458 1390 1650 1440 scientiis,
1674 1399 1794 1445 atque
1811 1387 1985 1440 artibus,
2019 1386 2164 1443 quibus
2182 1388 2375 1442 princeps

306 1449 362 1492 ad
379 1450 627 1507 semetipsum
643 1465 730 1493 non
746 1456 877 1494 minus
893 1451 1130 1505 regendum,
1156 1465 1277 1508 quam
1295 1452 1343 1494 ad
1364 1451 1649 1507 gubernandos
1668 1451 1842 1507 populos
1859 1451 2077 1501 instruitur,
2099 1453 2157 1492 ita
2175 1452 2377 1500 exercuit,

309 1514 581 1571 excoluitque,
603 1525 645 1558 vt
661 1515 856 1558 summam
881 1514 1096 1557 hominum
1120 1514 1460 1570 exspe6'1ationem
1476 1515 1693 1558 accelerato
1718 1515 1954 1570 sapientiae,
1979 1512 2204 1564 dostrinae,
2226 1522 2267 1554 et
2290 1514 2378 1555 vir-

307 1587 438 1619 tutum
455 1579 566 1621 cursu
582 1579 797 1634 superaret:
830 1581 1016 1635 quamuis
1034 1579 1164 1621 ciuilis
1181 1579 1374 1635 praesidia
1391 1578 1626 1635 prudentiae
1643 1592 1731 1621 non
1749 1592 1799 1621 ex
1818 1577 2130 1622 do&iffimomm
2147 1576 2272 1619 solum
2289 1589 2378 1618 ma-

308 1641 522 1697 gistrorum
541 1646 787 1699 praeceptis,
812 1657 955 1686 verum
981 1655 1033 1686 ex
1057 1644 1453 1700 peregrinationibus
1474 1647 1616 1696 etiam,
1643 1642 1790 1700 quibus
1808 1642 1993 1696 Belgium
2020 1638 2138 1684 semel
2159 1651 2278 1697 atque
2303 1642 2378 1682 ite-

309 1717 400 1746 rum
417 1703 534 1754 adiit,
561 1702 610 1745 ad
625 1705 837 1746 Britannos
856 1708 1050 1756 excurrit,
1076 1704 1250 1761 aliasque
1266 1709 1479 1760 regiones,
1505 1716 1543 1747 et
1559 1705 1678 1747 vrbes
1695 1705 1882 1747 cultiores
1899 1703 2096 1754 lustrauit‚
2123 1698 2380 1745 cumulatiffi-

310 1782 382 1809 mo
411 1767 538 1810 felicis
563 1767 775 1810 industriae
806 1767 935 1812 studia
963 1769 1145 1813 hauserit.
1195 1773 1242 1812 In
1259 1770 1448 1813 diuturno
1478 1781 1517 1812 et
1534 1767 1754 1812 beatiffimo
1781 1780 1918 1811 xxxx
1944 1779 2168 1818 annorum,
2194 1778 2276 1822 quo
2302 1766 2381 1805 im-

312 1831 489 1871 mortalis
516 1831 626 1871 DEI
651 1828 848 1872 beneficio
871 1831 958 1872 vsus
978 1831 1034 1873 est
1048 1862 1059 1882 ,
1084 1833 1259 1887 imperio
1277 1831 1608 1881 innumerabilia,
1633 1839 1671 1871 et
1690 1841 1807 1871 verae
1833 1830 1879 1868 in
1901 1827 2103 1869 summum
2119 1837 2274 1868 numen
2292 1826 2382 1881 pie-

313 1899 426 1946 tatis,
447 1905 484 1937 et
500 1895 654 1949 paterni
672 1896 716 1934 in
732 1892 804 1934 fibi
827 1892 1021 1935 subie&0s
1039 1897 1210 1943 amoris,
1241 1905 1279 1935 et
1296 1894 1531 1950 prudentiae
1550 1896 1594 1933 in
1612 1890 1731 1932 rebus
1751 1889 1939 1944 gerendis
1965 1889 2130 1931 diuinae
2157 1887 2283 1930 edidit
2305 1887 2381 1930 do·

313 1969 520 2001 cumenta:
572 1969 743 2012 quorum
760 1959 954 1996 memoria
971 1965 1154 1996 nontam
1170 1956 1327 2007 statuis,
1353 1966 1392 1998 et
1407 1952 1695 2002 marmoribus,
1718 1965 1841 2007 quam
1857 1954 2042 1993 omnium
2059 1953 2208 1993 animis
2224 1950 2382 1992 conser-

314 2024 414 2073 uari,
441 2031 557 2075 atque
575 2019 624 2060 ab
648 2020 776 2068 omni,
805 2030 905 2071 quae
921 2016 1050 2058 futura
1066 2018 1132 2069 est,
1153 2019 1377 2074 posteritate
1395 2020 1545 2073 excipi,
1572 2019 1671 2071 quin
1687 2015 1737 2057 ab
1756 2017 1838 2073 ipsa
1855 2017 2081 2058 aeternitate
2100 2012 2291 2058 custodiri
2309 2012 2380 2057 de-

313 2085 393 2129 bet.
445 2088 481 2127 D
494 2085 630 2126 EVM
654 2094 739 2122 non
764 2079 867 2132 fitia,
897 2092 936 2122 et
954 2080 1140 2133 simulata,
1167 2081 1232 2124 sed
1250 2095 1355 2133 vera,
1374 2084 1416 2124 δε
1433 2083 1583 2124 sincera
1600 2082 1748 2134 pietate
1767 2077 1875 2121 nullo
1892 2091 1979 2120 non
1999 2079 2260 2135 prosequutus
2278 2088 2381 2121 tem-

315 2163 437 2207 pore,
466 2147 673 2201 religionis
690 2146 805 2187 sacris
823 2143 1058 2186 indefessam
1081 2144 1181 2187 caste
1201 2158 1368 2201 operam
1387 2142 1519 2195 dedit,
1544 2144 1746 2185 sermones
1770 2141 1902 2184 sanfio
1920 2144 1999 2183 ritu
2022 2141 2074 2184 ad
2096 2142 2293 2199 populum
2308 2141 2383 2186 ha-

316 2215 424 2257 bitos
450 2213 553 2254 stans
579 2212 681 2251 mira
703 2208 854 2250 audiuit
872 2211 1109 2259 attentione,
1135 2212 1180 2250 in
1199 2210 1428 2252 coelestium
1446 2207 1785 2263 contemplatione
1803 2219 1938 2247 rerum
1956 2207 2216 2261 praecipuam
2240 2218 2384 2263 curae,

314 2278 482 2325 laboris,
507 2284 625 2328 atque
641 2270 858 2312 industriae
875 2282 1028 2324 partem
1051 2270 1282 2322 collocauit,
1306 2273 1352 2311 in
1369 2268 1588 2312 fundendis
1611 2267 1663 2309 ad
1684 2268 1883 2318 DEVM,
1911 2278 1949 2309 et
1967 2270 2134 2310 vnicum
2158 2267 2287 2310 salutis
2303 2268 2381 2313 hu-

318 2354 464 2387 manae
482 2337 684 2380 auc‘torem
703 2334 890 2391 precibus
909 2333 1088 2389 quotidie
1108 2345 1280 2386 certum,
1304 2332 1576 2391 procumbens
1594 2333 1708 2389 saepe
1725 2335 1767 2374 in
1788 2344 1941 2387 genua,
1969 2332 2178 2375 consumsit
2201 2342 2384 2389 tempus,

321 2409 495 2459 denique
515 2401 565 2444 ad
582 2403 772 2441 virtutum
799 2396 924 2439 studia
943 2401 1129 2440 omnium
1148 2398 1308 2440 cunc‘ias
1327 2399 1458 2441 retulit
1485 2399 1757 2451 cogitationes
1808 2396 1969 2438 Cultum
1995 2396 2102 2438 DEI
2126 2398 2272 2452 optimi
2296 2411 2386 2441 ma-

318 2473 421 2518 ximi
455 2465 657 2522 publicum
677 2495 688 2514 ,
732 2461 849 2504 editis
877 2459 1083 2514 formulis,
1116 2460 1308 2518 librisque
1334 2465 1380 2504 in
1412 2475 1502 2504 eam
1530 2474 1619 2502 rem
1651 2458 1846 2503 confeffis
1865 2491 1876 2511 ,
1909 2458 2138 2502 ordinatum
2171 2459 2387 2505 confirma-

318 2536 399 2583 uit,
424 2540 538 2585 atque
557 2526 698 2569 ereffis
716 2524 926 2567 liberaliter
943 2537 1187 2578 egenorum,
1213 2535 1331 2581 atque
1351 2524 1543 2568 orborum
1566 2521 2008 2579 hospitiis,.constituto
2032 2522 2166 2565 multis
2194 2525 2385 2570 sumtibus

319 2592 555 2647 Altenburgi
574 2589 773 2632 nobilium
792 2587 1036 2630 feminarum
1052 2588 1274 2641 domicili0‚
1295 2592 1335 2632 ὃ(
1353 2588 1635 2644 generosarum
1652 2587 1872 2643 puellarum
1889 2586 1994 2630 reste
2011 2585 2309 2631 educandamm
2325 2590 2384 2633 se·

320 2660 494 2703 minatio
503 2687 516 2707 ,
542 2654 701 2708 templis
718 2665 815 2694 vero
836 2650 975 2692 dicatis
992 2655 1171 2704 numini,
1197 2655 1358 2707 triginta
1375 2655 1415 2695 &
1433 2650 1610 2708 pluribus
1628 2653 1771 2706 partim
1789 2665 1814 2693 a
1830 2650 2021 2693 vetustate
2039 2649 2274 2706 vindicatis,
2292 2665 2384 2709 par-

321 2728 396 2770 tim
416 2720 465 2763 ab
488 2717 677 2761 inchoato
695 2714 920 2764 exstrutstiS,
947 2713 1089 2770 hisque
1110 2717 1365 2771 praepositis,
1394 2719 1463 2771 qui
1488 2714 1751 2770 praeconium
1776 2711 1888 2754 verbi
1913 2711 2041 2754 diuini
2065 2710 2259 2767 facerent,
2283 2719 2383 2761 viris

321 2798 415 2830 cum
434 2786 535 2839 piis,
561 2793 645 2824 tum
663 2779 848 2829 eruditis,
877 2777 1037 2830 scholis,
1063 2789 1101 2820 et
1116 2778 1239 2833 lyceis
1260 2779 1324 2821 vel
1347 2776 1594 2828 emendatis,
1620 2773 1684 2817 vel
1699 2774 1846 2827 mstis,
1876 2777 2055 2817 excitatis
2081 2775 2384 2838 beneficiorum,

317 2863 366 2894 ac
385 2849 657 2904 praemiorum
676 2846 794 2900 copia
809 2855 950 2885 eorum
967 2843 1184 2896 magistris,
1204 2842 1305 2885 datis
1322 2842 1548 2885 Geneuenfi
1566 2837 1670 2881 reste
1688 2839 1940 2881 sentientium
1958 2842 2089 2881 coetui
2107 2841 2381 2899 sacerdotibus,

323 2913 512 2970 praestito
530 2911 682 2966 semper
698 2908 817 2951 rebus
836 2907 1050 2949 hominum
1074 2907 1126 2950 ob
1146 2910 1322 2963 purioris
1339 2905 1571 2948 christianae
1588 2902 1798 2957 religionis
1816 2900 2101 2957 profeffionem
2117 2909 2294 2950 maxime
2311 2906 2380 2951 ad-

322 2977 443 3021 fliffis
469 2977 620 3019 auxilio
640 3007 651 3027 ,
676 2974 904 3030 exemplum
928 2965 1026 3015 boni
1044 3004 1056 3023 ,
1084 2987 1130 3016 ac
1158 2972 1277 3028 probi
1304 2970 1484 3014 exhibuit
1522 2970 1738 3026 principis,
1763 2964 1874 3022 quod
1897 2965 2048 3022 posteri
2070 2967 2381 3025 admirabuntur,

324 3042 566 3095 summisque
583 3039 633 3081 ad
651 3038 807 3080 coelum
827 3036 1019 3079 extollent
1044 3036 1235 3078 laudibus.
1286 3037 1334 3078 In
1358 3035 1474 3078 salute
1497 3037 1556 3075 rei
1574 3031 1753 3089 publicae
1779 3043 1922 3072 omnes
1939 3030 2024 3090 suas
2043 3045 2178 3084 curas,
2200 3035 2381 3088 cogitati-

324 3114 504 3155 onesque
521 3100 682 3153 defixit,
709 3103 896 3157 eiusque,
920 3098 1093 3142 conditis
1109 3098 1284 3154 legibus,
1315 3101 1356 3140 δε
1373 3098 1522 3140 statutis
1542 3093 1801 3139 saluberrimis
1816 3124 1828 3144 ,
1853 3092 2039 3147 procellis
2062 3107 2223 3151 quoque
2247 3097 2381 3136 omni-

325 3164 420 3213 buS,
447 3178 492 3206 ac
508 3164 686 3207 fatalibus
707 3163 1024 3220 tempestatibuS,
1049 3173 1187 3217 togae,
1204 3173 1243 3204 et
1260 3175 1466 3204 armorum
1486 3171 1668 3216 ternpore
1686 3159 1803 3207 ortiS,
1829 3155 2040 3212 prudentia
2056 3156 2280 3201 incredibili
2296 3156 2379 3201 dis-

324 3226 462 3277 cusfis,
488 3239 681 3282 perpetuo
708 3231 952 3271 conseruauit
968 3227 1292 3268 incolumitatem.
1343 3226 1533 3269 Iustitiam
1553 3224 1659 3266 illam
1683 3222 1868 3263 omnium
1891 3232 2132 3273 ceterarum,
2154 3233 2253 3276 quae
2266 3224 2379 3275 prin-

325 3292 460 3343 cipem
479 3303 639 3341 ornant,
665 3296 852 3335 virtutum
873 3301 1100 3350 parentem,
1121 3300 1237 3346 atque
1256 3291 1453 3343 altricem,
1482 3300 1592 3334 tanto
1606 3285 1766 3330 seaatus
1785 3283 1841 3326 est
1857 3283 2010 3338 studio,
2040 3296 2083 3327 vt
2107 3282 2157 3325 ad
2183 3295 2273 3324 eam
2291 3297 2378 3333 non

324 3349 471 3404 saffiius,
497 3351 561 3394 sed
583 3364 699 3396 natus
718 3355 937 3400 videretur:
972 3367 1064 3397 cum
1081 3366 1158 3410 qua
1179 3354 1454 3398 admirabilem
1475 3352 1746 3400 clementiam,
1770 3360 1817 3390 ac
1848 3345 2136 3404 benignitatem
2152 3344 2269 3387 nullis
2287 3360 2378 3389 ver-

2313 3409 2377 3452 bis
