2540 4029
682 366 684 369 ι
756 234 1132 372 Θῐιῐῖῦιεῖε
1187 232 1684 370 intentat.
1773 363 1815 366 „
1886 363 1896 365 „
1987 365 1990 367 μ
2134 255 2228 336 173

308 541 412 596 unb
433 549 563 596 menn
589 555 693 598 ntcut
713 543 845 608 [agen
867 547 1048 607 moute„
1082 543 1168 606 bat}
1191 542 1259 595 Die
1283 540 1694 606 ffiatntbettztgtett
1714 543 1931 594 essonca
1955 550 2000 592 ιιι
2023 538 2232 603 autentu

146 622 299 689 beret,
341 624 409 678 bie
440 627 580 680 mtbet
601 626 685 681 beu
706 623 921 689 neuneu
947 624 1078 690 &cist
1097 620 1339 690 {nubigenis
1377 620 1602 689 tiathire,
1636 623 1729 676 tntb
1760 621 1847 686 ῡαβ
1877 621 1945 677 bie
1975 618 2233 756 Θῑαυῐαξιέἒέ

149 785 2232 804 ῃ--ῌ--ι--ξ--ὰὲ-έι--ὠ-ῂ--ῴ-ᾑέ--Ἣ

297 823 583 879 Redemptor-is
602 821 842 864 inducendis
863 821 1156 878 expiandisqve
1176 824 1349 863 universs
1371 826 1532 875 generis
1556 822 1724 864 humani
1744 826 1918 878 peccatis
1936 826 1980 864 in
1997 824 2163 866 solidum
2189 828 2231 868 δε

297 880 457 922 abunde
474 878 633 927 stifficit,
655 876 897 928 asseverante
916 878 1118 930 Johanne,
1147 877 1349 919 Christum
1372 877 1447 918 esse
1466 882 1796 931 propitiationem
1819 888 1893 933 pro
1913 884 2089 933 peccatis
2107 884 2230 923 totius

296 935 463 984 mundi;
493 938 531 976 ὃ(
549 933 722 986 Johanni
745 931 986 986 suffragante
1005 936 1045 974 ὃς
1067 933 1326 975 subscribente
1342 933 1484 981 Paulo,
1505 946 1596 974 curn
1618 937 1692 973 ait:
1728 933 1811 975 Ubi
1831 934 2064 976 exuberavit
2089 949 2231 990 pecca-

297 1003 405 1041 tum,
434 990 491 1031 ibi
516 991 647 1042 magis
667 988 900 1030 exuberavit
919 992 1058 1042 gratia.
1118 986 1392 1038 Qvamobrem
1417 987 1499 1029 haec
1520 990 1597 1028 Dei
1616 991 1743 1040 gratia
1764 993 1807 1029 in
1828 992 1973 1030 merito
1992 992 2139 1033 Christi
2159 1006 2226 1033 ex-

296 1046 422 1090 hibita
447 1047 487 1087 δε
516 1043 707 1087 declarata
736 1043 839 1085 valet
863 1048 903 1086 δ(
922 1043 1090 1098 vigetad
1115 1043 1194 1086 hoc
1213 1056 1373 1099 qvoqve
1393 1042 1649 1097 blasphemia:
1668 1051 1874 1097 peccatum
1895 1044 2115 1097 plenissima
2136 1061 2232 1101 pro-

297 1105 509 1159 pitiatione
533 1100 802 1155 expiandum,
833 1099 960 1150 adeo,
989 1111 1032 1141 ut
1057 1101 1086 1142 si
1116 1104 1184 1155 qvi
1213 1099 1331 1152 hujus
1355 1101 1535 1139 criminis
1564 1098 1737 1139 obnoxii
1755 1100 1859 1148 sunt,
1889 1101 1994 1140 seriis
2015 1103 2229 1154 gemitibus

298 1159 515 1214 aspirarent
543 1157 593 1199 ad
615 1159 692 1198 Dei
718 1155 1054 1207 misericordiam,
1077 1158 1117 1198 ἃ
1145 1157 1300 1211 peccati
1320 1158 1482 1195 veniam
1503 1152 1775 1207 efflagitarent,
1796 1153 1896 1196 nihil
1915 1156 1959 1195 fit
1978 1156 2110 1206 dubii,
2133 1162 2231 1213 qvin

299 1213 384 1268 ejus
401 1213 612 1267 gratiosam
639 1211 913 1254 remissionem
931 1211 1011 1254 fide
1028 1211 1151 1253 essent
1169 1211 1427 1253 consecuturi.
1491 1207 1614 1262 Cujus
1633 1212 1691 1250 rei
1711 1209 1846 1251 testem
1868 1213 2039 1252 minime
2056 1211 2234 1255 fallacem

299 1269 495 1312 habemus
517 1268 741 1319 Christum,
771 1272 841 1323 qvi
862 1271 1012 1323 peccati
1041 1265 1154 1321 hujus
1174 1269 1225 1308 sic
1242 1280 1336 1308 reos
1353 1269 1434 1319 agit
1453 1263 1585 1307 hostes
1606 1266 1713 1316 sum,
1744 1277 1785 1306 ut
1804 1264 2069 1308 nihilominus
2088 1272 2235 1310 imme‹

300 1325 406 1367 diate
427 1334 556 1379 aperta
587 1323 873 1366 asseveratione
899 1323 1108 1366 confirmet
1137 1326 1177 1365 ὃ(
1203 1323 1336 1364 dicat:
1371 1324 1450 1364 Aut
1479 1320 1596 1363 facite
1627 1321 1812 1363 arborem
1841 1321 1989 1363 bonam
2018 1326 2057 1364 ὃς
2083 1323 2235 1366 ᾗᾛξὶῃς

302 1378 388 1434 ejus
408 1380 560 1430 bonos,
588 1392 654 1420 aut
679 1380 794 1420 facite
814 1378 997 1421 arborem
1020 1379 1187 1429 malam,
1204 1381 1245 1420 ὃ(
1264 1377 1437 1420 fructum
1458 1375 1539 1430 ejus
1558 1379 1762 1419 vitiosum:
1786 1377 1850 1418 his
1867 1377 2000 1419 verbis
2019 1378 2236 1422 luculenter

301 1436 497 1486 edocens,
516 1438 544 1477 fi
564 1440 784 1476 etiamnum
808 1436 863 1476 sui
884 1438 1068 1477 criminis
1088 1437 1295 1476 atrocitate
1316 1436 1452 1487 agnita
1470 1440 1782 1484 reverterentur,
1801 1433 2067 1490 arboremqve
2087 1435 2236 1479 bonam

301 1491 495 1542 facerent,
523 1499 689 1532 omnem
717 1490 874 1531 illorum
893 1489 1150 1544 antegreffam
1172 1493 1421 1544 impietatem
1435 1520 1445 1539 ,
1466 1489 1676 1543 ipsumqve
1692 1488 1795 1530 adeo
1816 1489 2076 1541 blasphemiae
2095 1505 2237 1547 peccaa

301 1559 386 1589 tum
404 1546 500 1588 illud
516 1561 590 1588 nec
608 1544 760 1596 fraudi,
780 1560 853 1588 nec
870 1549 912 1587 in
930 1550 1098 1600 negotio
1118 1545 1247 1587 salutis
1265 1543 1561 1600 impedimento
1580 1548 1638 1586 eis
1653 1558 1776 1600 porro
1796 1545 1871 1587 effe
1890 1546 2080 1587 futurum.
2110 1550 2241 1591 ΔΛΕ-κ

291 1604 419 1657 gidius
437 1602 611 1642 Hunnius
623 1602 664 1641 in
688 1605 773 1657 Cap.
786 1605 862 1642 XII.
881 1601 1063 1642 Matthaei.
1090 1602 1192 1641 me.
1204 1602 1271 1641 ll),
1289 1603 1394 1654 Oper.
1403 1600 1476 1652 fol.
1496 1614 1582 1651 271.

322 1668 331 1672 “
354 1658 465 1699 Idem
488 1658 528 1696 in
549 1660 636 1713 Cap.
658 1660 719 1700 VI.
746 1656 860 1712 Epzst.
878 1658 931 1696 ad
948 1659 1058 1700 Hebr.
1084 1656 1186 1697 Jbtn.
1208 1661 1272 1701 IV.
1301 1658 1409 1711 Oper.
1423 1655 1491 1709 fol.
1520 1658 1612 1707 896.
1663 1653 1840 1697 Proinde
1866 1656 1894 1696 fi
1920 1656 2037 1706 tales,
2067 1660 2133 1713 qvi
2159 1656 2238 1701 hoe

300 1716 420 1755 etiam
438 1724 600 1765 peccato
618 1713 654 1753 se
675 1717 1021 1762 contaminarunt,
1047 1715 1183 1766 agnita
1208 1708 1274 1753 sna
1294 1712 1445 1752 malitia
1463 1712 1659 1761 redirent,
1681 1726 1724 1753 ac
1743 1711 1793 1751 ad
1811 1715 1979 1764 gratiam
2003 1717 2080 1754 Dei
2096 1715 2238 1768 aspira-

298 1779 407 1812 rent,
424 1771 464 1810 ὃς
483 1766 755 1809 remisfionem
775 1777 1031 1821 peccatorum
1048 1779 1246 1824 peterent,
1274 1767 1441 1810 dubium
1461 1767 1614 1809 nullum
1634 1768 1709 1818 est,
1728 1769 1837 1822 qvod
1856 1766 1975 1821 liujus
1995 1773 2116 1810 etiam
2138 1770 2238 1812 blasa

297 1823 472 1880 phemiae
493 1825 567 1864 sua:
586 1821 859 1864 dimiffionem
877 1823 999 1865 essent
1017 1825 1280 1865 consecuturi.
2055 1872 2060 1874 ξ

349 1879 462 1921 Idem
494 1880 596 1918 Yam.
624 1881 651 1918 l.
681 1879 788 1932 Oprr.
815 1880 856 1918 in
889 1881 1053 1918 Articulo
1076 1881 1122 1917 de
1151 1882 1305 1918 Peccata
1330 1875 1395 1923 fbl.
1420 1888 1535 1931 470.
1571 1876 1735 1930 qvando
1761 1874 1915 1930 profert
1943 1880 2240 1930 Qvaestionetne

296 1936 401 1975 Num
428 1935 495 1973 hoc
515 1943 705 1989 peccatum
714 1931 768 1986 stt
796 1930 1059 1986 irrennjfflbile?
1082 1932 1315 1988 respondet,
1343 1933 1452 1987 qvod
1479 1935 1523 1975 fit
1548 1932 1811 1974 irremiffibile
1839 1942 1948 1974 certo
1976 1936 2102 1988 modo
2122 1944 2240 1991 atqve

293 1989 424 2039 sensu,
449 1987 559 2043 qvod
586 1986 636 2030 de
661 1984 865 2041 ejusmodi
889 1987 1106 2030 hominum
1135 1990 1373 2044 poenitentia
1392 1988 1525 2030 ae'tum
1549 1990 1589 2029 ὃς
1616 1987 1864 2042 desperatum
1892 1990 1955 2038 fit,
1975 1986 2082 2032 nullo
2111 1993 2238 2034 modo

296 2056 432 2087 autem
451 2044 551 2087 faeta
574 2043 784 2086 collatione
808 2043 857 2086 ad
884 2048 1054 2098 gratiam
1077 2048 1177 2096 Dei,
1205 2045 1485 2100 qvam'scimus
1504 2045 1626 2098 longe
1645 2044 1864 2085 exuberare
1883 2044 1995 2099 supra
2016 2054 2238 2100 peccatum,

295 2115 430 2156 neqve
459 2105 582 2143 etiarn
609 2100 789 2155 respeciu
809 2104 941 2142 meriti
956 2098 1125 2151 Christi,
1155 2099 1263 2156 qvod
1291 2097 1341 2141 ad
1368 2101 1646 2153 universorum
1676 2107 1932 2154 peccatorum
1961 2106 2239 2157 expiationem

296 2156 452 2199 infinita
472 2158 537 2199 sua
553 2159 698 2197 virtute
721 2159 934 2210 pertingit,
965 2157 1075 2211 qvod
1094 2156 1197 2198 adeo
1217 2169 1359 2197 verum
1377 2156 1456 2206 est,
1482 2159 1613 2211 pergit
1634 2157 1783 2206 Aut0r‚
1811 2167 1854 2197 ut
1875 2154 1902 2198 fi
1926 2156 2042 2208 tales,
2073 2163 2139 2213 ¹qvi
2160 2159 2239 2203 hoc

297 2213 439 2255 scelere
466 2214 502 2254 se
523 2211 876 2261 contaminassent,
902 2212 1039 2253 denuo
1065 2213 1116 2254 ad
1135 2215 1303 2266 gratiam
1324 2215 1402 2254 Dei
1419 2213 1655 2268 aspirarent,
1684 2211 1855 2254 dubium
1883 2213 2034 2255 nullum
2063 2211 2130 2267 fit,
2159 2215 2238 2259 hoc

295 2281 460 2324 qvoqve
477 2280 647 2310 enorme
670 2270 825 2309 crimen
841 2270 892 2308 iis
910 2267 1115 2310 remissum
1135 2270 1197 2309 iri.
1451 2318 1453 2320 V
1698 2314 1702 2318 ,
1869 2315 1871 2318 ,

354 2326 404 2363 D.
418 2323 663 2363 Leonhardus
683 2325 862 2362 Huttcrus
887 2322 927 2362 in
946 2331 1025 2363 Loc.
1044 2321 1251 2376 vmafol.
1270 2329 1358 2374 370.
1387 2319 1598 2376 postqvam
1620 2320 1846 2376 qvalitatem
1868 2313 1982 2375 hujus
2004 2329 2152 2379 peccati
2171 2340 2242 2368 ex—

295 2379 503 2433 posuerat,
522 2377 685 2420 tandem
703 2376 822 2427 addit,
843 2377 923 2418 dici
941 2377 1019 2419 hoc
1039 2389 1244 2432 peccatum
1267 2376 1549 2427 irremiffibile,
1570 2390 1655 2417 non
1673 2377 1783 2431 qvod
1800 2377 1865 2419 sub
1884 2379 2001 2419 talem
2017 2381 2240 2434 fimplicern

299 2434 414 2475 cadat
437 2433 677 2476 remiffionis
700 2430 904 2481 ἀδυναμίαν,
931 2444 973 2474 ut
990 2434 1054 2474 sua
1075 2436 1276 2475 atrocitate
1294 2436 1334 2474 8<
1355 2432 1672 2474 misericordiam
1687 2435 1764 2473 Dei
1783 2435 1906 2474 Patris
1929 2437 1969 2475 &
1986 2434 2132 2477 Christi
2154 2451 2242 2478 me-

298 2492 420 2531 ritum
441 2490 593 2544 superet
612 2492 652 2531 &
669 2486 847 2530 excedat.
898 2486 994 2530 Hoc
1011 2490 1121 2529 enim
1141 2487 1258 2543 pac‘to
1276 2488 1447 2543 plurima
1467 2488 1720 2542 seqverentur
1738 2487 1920 2530 absurda:
1953 2490 2007 2546 1.)
2031 2493 2241 2535 Peccatum

299 2546 413 2599 supra
431 2547 602 2599 gratiam
621 2542 860 2591 exuberare,
879 2541 991 2597 cujus
1007 2547 1252 2585 contrarium
1273 2543 1488 2598 Apostolus
1507 2546 1625 2584 Rom.
1642 2540 1692 2592 V,
1711 2554 1777 2585 20,
1795 2542 1943 2585 asserit:
1968 2550 2027 2599 2.)
2051 2549 2241 2590 Meritum

299 2600 449 2643 Christi
477 2614 561 2642 non
587 2599 664 2642 effe
687 2597 889 2637 καθολικόντ
923 2599 965 2641 id
991 2598 1098 2654 qvod
1129 2597 1309 2653 expresse
1338 2609 1460 2652 negat
1482 2599 1666 2653 scriptura
1686 2597 1897 2650 1.J0h.11‚
1919 2609 1953 2641 2'.
1984 2602 2164 2645 Christus
2185 2596 2241 2647 est

297 2659 534 2713 propitiatio
562 2669 638 2711 pro
664 2658 859 2711 peccatis,
888 2668 973 2696 non
998 2668 1074 2710 pro
1103 2655 1247 2697 nostris
1267 2666 1443 2703 tantum,
1475 2654 1538 2696 sed
1558 2667 1632 2708 pro
1651 2658 1820 2708 peccatis
1841 2659 1962 2697 totius
1991 2658 2154 2700 mundi:
2182 2666 2237 2712 3.)

297 2711 586 2755 Promiffiones
604 2710 867 2764 Evangelicas
895 2724 980 2752 non
999 2710 1075 2752 effe
1095 2710 1333 2752 universales
1351 2742 1362 2761 ,
1397 2709 1438 2752 id
1458 2709 1566 2765 qvod
1581 2711 1709 2751 rursus
1729 2716 1849 2764 negat
1866 2711 2052 2767 scriptura
2069 2714 2238 2766 Joh.lII,

301 2774 366 2812 16.
392 2770 458 2811 Sic
476 2769 588 2810 Deus
603 2767 740 2809 dilexit
759 2766 968 2817 mundum,
984 2778 1025 2808 ut
1043 2766 1171 2809 filium
1191 2767 1302 2808 suum
1321 2769 1580 2819 unigenitum
1599 2765 1711 2819 claret
1726 2769 1798 2808 &e
1827 2770 2043 2820 1.Tim.II,
2060 2783 2098 2819 24.
2125 2773 2239 2812 Deus

298 2824 381 2867 vult
401 2837 546 2866 omnes
572 2823 764 2865 homines
783 2822 907 2863 salvos
925 2820 1012 2864 fieri
1029 2825 1103 2865 &cz
1141 2822 1214 2878 4.)
1233 2822 1470 2864 Mandatum
1495 2821 1644 2863 Christi
1669 2820 1718 2863 de
1747 2822 1940 2865 vocandis
1965 2826 2157 2868 omnibus
2184 2827 2238 2869 ad

297 2893 473 2936 regnum
485 2879 642 2930 Christi,
662 2881 702 2921 ὃς
721 2877 971 2920 absolvendis
989 2877 1176 2920 omnibus
1198 2892 1292 2919 vere
1309 2876 1699 2934 poenitentibus‚effe
1720 2877 2027 2933 hypocriticu'm.
2080 2882 2239 2925 Verum

298 2934 562 2979 irremiffibile
577 2935 670 2977 ideo
690 2934 853 2984 dicitur,
885 2937 976 2990 qvia
997 2933 1088 2976 illud
1106 2947 1315 2989 nunqvam
1339 2934 1425 2989 ipso
1455 2932 1544 2975 astu
1560 2936 1795 2975 remittitur:
1820 2937 1874 2975 ita
1891 2946 1934 2976 ut
1951 2939 2146 2979 terminus
2169 2939 2239 2980 iste

299 2991 604 3048 (irremiffibile)
626 2990 760 3046 aliqvo
773 2989 898 3032 modo
909 2993 1131 3045 improprie
1142 2991 1332 3032 sumatur:
1359 2993 1400 3032 ὃς
1411 2993 1539 3043 magis
1555 2989 1591 3027 τὲ
1607 2990 1776 3038 γινόμενον,
1794 3003 1918 3045 qvam
1939 2991 1976 3029 τὲ
1993 2990 2116 3042 ὃυυάῖὀν
2128 3021 2136 3035 ,
2148 3008 2237 3036 ma..

299 3052 364 3103 gis
384 3047 481 3104 qvid
505 3047 594 3098 fiat,
624 3060 745 3103 qvam
775 3045 872 3101 qvid
903 3044 988 3088 fieri
1019 3042 1155 3100 possit,
1185 3045 1358 3088 denotet.
1424 3047 1524 3088 Sunt
1558 3049 1668 3086 enirn
1696 3059 1780 3086 non
1808 3046 2065 3101 impoffibilia
2094 3050 2236 3092 multas:

299 3118 389 3160 qvae
407 3104 498 3146 licet
522 3116 730 3158 nunqvam
751 3100 874 3153 fiant,
901 3100 989 3144 fieri
1019 3099 1162 3144 tamen‘
1179 3113 1377 3157 poterant.
1458 3101 1554 3143 Ideo
1573 3112 1706 3142 autem
1727 3114 1811 3143 non
1829 3102 2004 3157 obtingit
2023 3103 2120 3147 huic
2138 3119 2234 3160 pec-

299 3169 390 3203 cato
410 3159 604 3209 remiffio,
636 3158 688 3212 ι»)
708 3162 800 3214 qvia
820 3157 898 3199 hoc
917 3157 1043 3200 modo
1062 3169 1295 3213 peccantes,
1322 3157 1371 3199 ab
1388 3157 1473 3212 ipso
1494 3157 1674 3207 Christo,
1695 3167 1804 3198 extra
1824 3171 1944 3212 qvem
1962 3173 2047 3201 non
2067 3155 2143 3203 ulla
2161 3170 2236 3209 pro

298 3227 466 3272 peccato
484 3215 636 3271 reliqva
655 3214 711 3257 est
728 3214 852 3256 hostia
865 3245 875 3264 ,
902 3214 1130 3256 voluntario
1152 3212 1366 3256 deficiunt:
1392 3215 1449 3264 2.)
1467 3215 1573 3267 Qvia
1593 3225 1745 3266 organa
1765 3227 1811 3254 ac
1831 3214 1964 3257 media
1984 3214 2130 3268 salutis,
2152 3212 2235 3260 sine

299 3271 445 3329 qvibus
473 3273 643 3325 Spiritus
663 3273 696 3312 S.
716 3271 1023 3312 conversionem
1046 3282 1253 3325 nunqvam
1271 3269 1475 3312 ordinarie
1495 3280 1702 3324 operatur,
1734 3282 1817 3310 non
1840 3270 2052 3323 indireRe,
2078 3284 2121 3314 ut
2140 3287 2234 3328 peca·

300 3339 385 3371 cata
404 3326 583 3368 mortalia
598 3327 746 3383 reliqva
758 3357 769 3376 ,
801 3325 864 3368 sed
884 3325 1051 3375 direcqe,
1065 3329 1354 3368 contumaciter
1367 3328 1407 3367 ὃς
1426 3325 1605 3366 volenter
1623 3324 1851 3378 negligunt,
1876 3322 2092 3381 projiciunt
2109 3332 2147 3370 ὃ(
2168 3343 2233 3384 pe,

300 3383 416 3426 dibus
434 3382 680 3425 conculcant.
732 3383 781 3435 3.)
804 3384 907 3434 Qvia
925 3381 1002 3424 hoc
1020 3392 1227 3437 peccatum
1246 3381 1499 3423 individuam
1519 3381 1625 3436 qvali
1645 3384 1835 3422 comitem
1855 3379 1972 3424 habet
1990 3381 2232 3437 adjunclam

300 3436 459 3482 finalem
486 3437 620 3481 cordis
651 3437 974 3486 indurationem,
1002 3441 1054 3478 ita
1079 3449 1121 3478 ut
1141 3434 1352 3479 obfirmato
1382 3437 1518 3491 postea
1538 3434 1712 3491 qvodam
1734 3439 1959 3491 pGCOsltO,
1978 3441 2138 3481 scientes
2158 3453 2231 3481 vo-

299 3491 424 3539 lentes
441 3497 647 3539 veritatem
664 3498 843 3549 agnitam
858 3492 1096 3536 horribiliter
1112 3496 1353 3549 impugnare
1379 3489 1419 3536 8(
1435 3492 1705 3549 blasphemare
1723 3505 1903 3548 pergann

1242 3559 1325 3629 ἧς
2085 3566 2135 3608 D,
2143 3566 2231 3617 Jvh,
