2540 4029
249 217 348 295 '316
686 198 1363 271 PANEGYRICVS
1422 194 1876 277 IENENSIS.

251 487 350 538 iux:
384 495 644 552 queruntur
669 498 842 531 omnes
870 478 1001 529 liberi
1029 479 1285 548 principes:
1323 479 1458 529 dolet
1482 477 1764 549 respublica:
1804 497 1988 533 moeret
2011 481 2322 555 dereligione

252 561 377 613 reete
408 552 710 606 sentientium
741 558 793 608 ὃς
819 554 1091 606 sanctorum
1120 570 1310 606 coetus:
1361 552 1551 624 plorant
1580 553 1768 609 Musaez
1808 554 2063 624 optimates
2088 578 2181 612 vna
2204 573 2319 609 curn

250 628 441 705 populo
473 628 799 682 lacrimantur:
839 627 1138 700 prouinciae,
1166 629 1376 681 ciuitates
1406 633 1456 682 δε
1475 648 1579 681 rura
1603 628 1937 682 lamentantur.
1990 633 2231 703 [squalent
2251 629 2324 683 ni-

249 705 397 764 tentia
414 723 680 769 marmom,
701 702 991 775 splendentia
1007 723 1124 756 auro
1143 705 1333 776 palatia,
1358 704 1535 760 curiae,
1556 704 1671 758 fori:
1705 706 1959 776 personant
1977 706 2159 779 gemitu
2179 706 2323 777 parie-

248 802 342 839 tes:
386 780 613 851 prostrata
637 781 814 845 iacent,
846 785 900 834 &
928 779 1150 833 confecta
1174 781 1343 833 omnia
1370 782 1485 834 tanti
1515 780 1718 834 vulneris
1740 780 1925 838 dolore.
2017 781 2164 834 Patria
2191 782 2322 834 enim

249 857 497 930 optimum
525 874 770 927 parentem
792 855 1041 910 desiderat:
1082 875 1257 911 omnes
1284 855 1482 911 ordines
1505 858 1643 912 suum
1667 859 1960 932 Augustum,
1990 856 2323 920 omnessuum

245 936 414 990 Titum
431 934 690 1005 requirunt.
1915 940 1925 965 Ι

390 1019 514 1092 Qiis
535 1037 653 1093 ergo
673 1037 766 1071 nos
788 1015 1061 1090 prohibeat,
1082 1018 1250 1071 aedem
1275 1017 1400 1072 hanc
1419 1019 1761 1073 lamentatione
1781 1023 1831 1075 ὅ(
1852 1017 2082 1092 plangore
2110 1015 2344 1086 comple-'²‘

249 1116 320 1161 re,
349 1115 402 1148 ac
433 1095 629 1167 principi
663 1095 852 1159 virtute,
881 1113 1002 1169 quae
1032 1094 1379 1166 rempublicam
1410 1114 1575 1158 ornat,
1602 1096 1767 1151 omni,
1796 1096 2002 1148 maxime
2032 1093 2329 1164 conspicuo,

249 1192 358 1227 non
377 1170 538 1224 modo
558 1171 732 1224 funeris
749 1171 909 1225 vfitata
927 1189 1132 1241 pompa,
1155 1190 1320 1225 verum
1344 1172 1485 1224 etiam
1505 1171 1709 1227 lacrimis
1727 1172 1842 1224 iusta
1859 1171 2149 1242 persoluere?
2191 1187 2328 1240 prae-

249 1249 404 1302 sertim
437 1267 588 1321 quum
610 1248 846 1299 summam
866 1247 1177 1299 maximarum
1194 1266 1417 1300 curarum
1441 1266 1624 1318 partem
1645 1248 1696 1300 in
1715 1249 1871 1301 nostra
1889 1247 2031 1300 salute
2047 1287 2058 1306 ,
2090 1249 2141 1300 ὅ(
2159 1243 2329 1298 acade-

252 1325 376 1378 miae
395 1323 535 1376 huius
558 1325 676 1375 flore
697 1322 932 1376 collocare
958 1341 1228 1395 numquam
1252 1342 1356 1375 non
1377 1323 1686 1376 consueuerit.
1707 1327 1713 1333 '
1760 1324 1959 1378 Vtinam
1979 1340 2094 1377 vero
2115 1339 2260 1374 voces
2280 1319 2332 1373 in

251 1401 470 1454 lacrimas
500 1397 700 1452 abirent!
741 1399 858 1450 tanti
887 1398 1016 1450 enim
1047 1398 1268 1468 principis
1294 1399 1471 1464 iaetura
1503 1398 1686 1452 facilius
1713 1399 2018 1453 lacrimarum
2053 1395 2333 1459 adfluentia,

252 1495 403 1549 quam
428 1474 730 1548 eloquentiae
754 1474 952 1527 flumine
977 1473 1173 1544 exprimi
1200 1475 1368 1545 potest.
1442 1474 1583 1527 Enim
1613 1493 1729 1528 vero
1759 1494 1841 1546 per
1866 1474 2038 1537 officii,
2066 1478 2118 1527 ὅς
2150 1471 2332 1544 pietatis

254 1553 460 1604 rationes
477 1570 582 1602 non
604 1550 713 1602 licet
729 1549 911 1602 filentio
930 1549 1177 1602 inuoluere
1198 1550 1382 1603 diuinas
1420 1553 1796 1605 FRIDERICI
1823 1551 1970 1604 nostri
1991 1550 2210 1605 virtutes,
2231 1566 2333 1600 ma-

252 1629 381 1682 xima
409 1626 785 1698 amplissimaque
813 1626 863 1677 in
882 1624 1239 1696 rempublicam*
1258 1627 1448 1681 merita,
1477 1644 1532 1678 ac
1562 1624 1816 1691 beneficia,
1852 1625 2028 1700 quibus
2045 1645 2139 1678 nos
2158 1641 2333 1677 omnes

253 1703 452 1765 adfecit,
485 1703 669 1755 summa
691 1720 832 1776 atque
852 1701 1156 1755 immortalia.
1232 1702 1324 1755 Sed
1345 1700 1676 1773 obstupescam
1698 1701 1877 1757 necesse
1894 1704 1979 1768 est,
2012 1701 2046 1754 fi
2070 1700 2333 1754 oculorum

253 1780 407 1833 aciem
438 1779 487 1830 in
514 1797 770 1848 campum,
799 1777 883 1851 qui
919 1777 1036 1830 mihi
1064 1797 1196 1830 nunc
1223 1777 1564 1848 percurrendus
1594 1781 1681 1845 est,
1722 1778 1923 1832 laudum
1944 1778 2084 1850 ipfius
2104 1777 2335 1851 dirigam:

253 1855 484 1928 quorsum
503 1855 630 1906 enim
650 1853 1002 1924 circumspicio,
1024 1852 1246 1906 obiicitur
1266 1853 1408 1909 mihi,
1427 1853 1566 1927 quod
1584 1859 1636 1909 ὃς
1654 1853 1957 1925 praedicandi
1977 1853 2221 1906 materiam
2234 1852 2338 1921 supi

255 1931 461 2002 peditat,
495 1934 547 1983 &
573 1928 852 1999 deplorandi
882 1930 1197 1982 necessitatem
1221 1929 1461 1997 imponit:
1512 1930 1575 1980 ita
1602 1929 1770 1998 omnia
1800 1929 1906 1980 sunt
1930 1927 2119 1991 eximia,
2147 1926 2335 1978 illustria

257 2025 315 2059 ac
343 2022 492 2077 paene
520 2004 694 2056 diuina.
781 2001 1018 2055 Conabor
1045 2018 1229 2065 tamen,
1258 2002 1397 2076 quod
1420 2003 1703 2073 imperatum
1735 2004 1821 2066 est,
1852 2001 2026 2055 subire:
2067 2000 2333 2073 praesertim

254 2101 412 2155 quum
436 2078 553 2132 mihi
574 2076 835 2131 dicendum
853 2077 906 2130 fit
924 2077 1051 2148 apud
1071 2097 1182 2141 VOS,
1212 2078 1521 2148 sapientiffimi
1539 2095 1712 2148 patreS,
1731 2077 1815 2151 qui
1833 2079 2061 2151 augustos
2085 2076 2333 2131 beatiffimi

257 2156 479 2229 principis
509 2155 686 2208 cineres
717 2153 1037 2206 demissiffima
1067 2170 1230 2205 mente
1251 2153 1567 2210 veneramini,
1597 2151 2018 2226 quemadmodum
2039 2153 2191 2223 ipsum
2213 2152 2335 2206 inter

259 2231 481 2287 mortales
501 2230 742 2282 viuentem
763 2247 817 2280 ea
839 2228 1018 2297 semper
1037 2227 1244 2279 coluistis
1261 2229 1455 2297 pietate,
1482 2248 1603 2300 quae
1620 2227 1781 2297 potuit
1801 2226 1887 2280 effe
1914 2228 2142 2282 maxima:
2182 2228 2335 2298 spera-

256 2327 306 2362 re
327 2307 456 2359 enim
476 2304 686 2376 possum,
718 2303 932 2355 futurum
947 2346 959 2364 ‚
991 2318 1047 2354 vt
1070 2320 1192 2373 quae
1211 2319 1453 2355 oratorem
1470 2302 1714 2367 deficiant,
1746 2303 1829 2373 ipsr
1847 2322 1938 2374 pro
1957 2305 2102 2357 vestra
2124 2303 2175 2355 in
2195 2301 2337 2355 hero-

257 2403 336 2436 em
356 2377 782 2452 incomparabilem
812 2377 1118 2431 veneratione
1135 2377 1377 2432 mentibus
1398 2377 1459 2431 ad
1481 2376 1868 2453 magnitudinem
1889 2378 2072 2455 gloriae
2095 2379 2196 2433 eius
2213 2397 2337 2433 con-

256 2456 589 2512 celebrandam
610 2453 880 2508 conferatiS.

401 2540 592 2614 Qodsi
622 2537 746 2593 laudi
777 2538 866 2590 fuit
894 2555 1078 2610 magno
1112 2536 1176 2590 illi
1204 2536 1502 2599 AlexandrO,
1539 2535 1679 2611 quod
1703 2553 1841 2591 natus
1875 2535 2122 2608 Philippo,
2159 2537 2248 2592 isto
2273 2526 2338 2593 Aa

261 2633 455 2689 myntae
473 2617 598 2679 filio,
634 2620 686 2670 <Sc
717 2612 1053 2668 Macedonum
1084 2633 1194 2688 rege
1220 2614 1500 2675 fortiflimo3
1537 2632 1642 2665 non
1671 2613 1757 2677 est,
1790 2613 1929 2688 quod
1954 2611 2256 2680 dubitemUS‚
2274 2613 2337 2668 ad

260 2693 504 2747 honorem
542 2692 915 2745 FRIDERICI
946 2690 1092 2742 nostri
1111 2690 1318 2761 spectare
1334 2689 1565 2742 natalium
1585 2687 1917 2758 splendorem,
1937 2707 2084 2762 quem
2105 2689 2339 2744 illustrissi-

262 2789 400 2822 mum
420 2788 473 2823 ex
494 2771 738 2821 Saxonum
757 2770 956 2819 Ducum
974 2782 1118 2837 gente
1135 2767 1325 2819 sortitus
1346 2767 1422 2818 est.
1497 2769 1631 2818 Haec
1648 2765 1776 2817 enim
1796 2759 2187 2835 imperatoribus,
2211 2766 2347 2819 mul--

262 2847 416 2918 risque
440 2845 658 2916 proxime
682 2858 895 2916 cognata
921 2839 1134 2915 regibUS‚
1167 2859 1218 2896 vt
1244 2841 1522 2915 antiquitate
1547 2858 1711 2894 curam
1741 2838 2078 2895 historicorum
2107 2841 2254 2895 eludit
2282 2846 2336 2896 ὃς

265 2921 584 2994 diligentiam3
623 2920 687 2971 ita
713 2916 973 2971 innumeris
995 2915 1220 2971 heroibus
1245 2917 1316 2971 ob
1335 2936 1512 2991 magna
1531 2916 1657 2988 pacis
1678 2913 1884 2989 bellique
1907 2916 2207 2986 temporibus
2226 2917 2337 2970 faci-

264 3016 383 3048 nora
400 2996 611 3058 inclutiS,
641 2996 735 3048 iam
757 2993 840 3046 diu
858 2991 1199 3062 exsplendescit.
1283 2995 1358 3048 Est
1384 3010 1532 3053 certe,
1569 2993 1632 3045 est
1657 2990 1810 3065 aliqua
1827 2991 2065 3066 sanguinis
2087 2993 2184 3049 vis,
2213 3010 2334 3067 quae

268 3071 318 3123 in
338 3070 596 3124 liberorum
624 3069 846 3124 medullis
871 3067 1066 3121 haerens
1086 3069 1145 3122 ad
1164 3070 1311 3123 animi
1337 3068 1499 3123 excelfi
1520 3068 1737 3142 vigorem
1765 3067 1957 3129 excitat,
1989 3086 2129 3142 atque
2150 3069 2210 3122 ad
2240 3067 2331 3121 vir-

262 3147 399 3207 tutis,
434 3147 482 3198 in
512 3147 773 3199 maioribus
802 3145 1104 3215 conspicuae,
1134 3146 1337 3218 gloriam
1365 3147 1579 3216 posteros
1605 3142 1905 3196 conformat:
1946 3144 2024 3196 sed
2050 3146 2158 3198 licet
2177 3142 2332 3195 indea

262 3221 533 3274 Witekindo
561 3243 770 3296 magno,
808 3220 1129 3293 antiquissimo
1160 3225 1403 3275 Saxonum
1430 3221 1576 3285 duce,
1613 3219 1944 3292 fulgentissima
1964 3221 2218 3274 Saxonicae
2239 3216 2332 3271 do-

264 3316 374 3350 mus
394 3296 573 3348 lumina
592 3298 741 3372 longa
766 3315 1043 3350 enumerare
1063 3296 1244 3366 possem
1266 3298 1396 3353 series
1435 3295 1560 3350 nolo
1579 3312 1740 3348 tamen
1760 3313 1997 3348 excurrere
2022 3296 2072 3348 in
2098 3292 2261 3349 laudes
2280 3311 2331 3347 a·

262 3373 405 3425 lienas
421 3412 432 3431 ,
466 3374 690 3426 omnium
720 3374 937 3447 gentium
961 3371 1210 3425 annalibus
1237 3372 1504 3426 celebratas,
1585 3376 1715 3424 Nam
1736 3370 1954 3441 princeps
1973 3372 2128 3423 noster
2145 3370 2221 3422 sua
2240 3370 2333 3423 vir·

263 3465 363 3502 tute
391 3466 599 3521 magnus
624 3449 735 3514 fuit,
769 3453 821 3503 &
850 3468 971 3523 quae
999 3447 1183 3524 singula
1206 3449 1256 3503 in
1280 3448 1476 3522 lingulis
1504 3445 1860 3501 celfiffimorum
1875 3447 2113 3504 maiorum
2138 3444 2332 3498 fuerunt

2159 3539 2331 3575 eximia

2051 3603 2075 3627 ⁸,
