2540 4029
681 123 1651 198 ALTENBVRGENSIS.
2092 153 2175 212 351

132 398 418 457 curiositate,
450 392 530 446 sed
548 412 598 447 vt
615 395 782 447 animis
808 395 973 448 nostris
997 414 1238 448 aeternum
1265 395 1565 467 infigeremus
1585 397 1842 467 imaginem
1866 397 1994 457 Eius,
2027 413 2175 468 quem

134 475 186 527 ὃς
205 472 508 523 dilexeramus
527 485 768 540 tantopere
787 474 838 524 &
857 488 1039 522 eramus
1061 470 1207 524 veriti,
1239 471 1417 542 quique
1436 488 1606 521 omnes
1628 471 1923 539 optimorum
1947 490 2176 539 quorum·

131 562 319 617 cunque
346 542 614 614 Principum
644 544 898 617 collegerat
923 545 1109 598 virtutes
1135 548 1186 599 &
1216 546 1482 609 miscuerat,
1522 563 1625 596 tum
1656 544 1851 617 quidem
1880 548 2173 617 postremum

129 618 314 674 anobis
342 617 584 674 videndus,
657 625 706 673 O
725 637 900 692 quanta
926 619 989 672 est
1016 638 1169 671 rerum
1197 618 1466 672 vicissitudo
1497 618 1839 672 humanarum!
1881 624 1971 673 Cui
1999 640 2172 695 vegeto

125 694 237 748 &in
254 694 352 764 ipso
370 694 564 748 finitatis
584 694 836 766 aetatisque
857 694 1020 767 vigore
1036 694 1096 745 ad
1115 713 1206 746 nos
1227 694 1505 766 ingredienti
1524 694 1642 746 salue
1664 695 1765 747 laeti
1786 715 2076 769 ouantesque
2090 697 2171 750 ad-

127 769 517 822 clamaueramus:
552 773 699 822 Hunc
718 769 918 820 diffimili
942 770 1121 838 prorsus
1141 769 1440 825 conditione.
1461 788 1565 821 non
1589 770 1861 833 saluum,sed
1881 772 2175 844 exsanguem,

126 842 202 896 scd
225 844 541 898 exanimatum
574 843 839 898 dimittere,
886 848 1032 896 Hunc
1060 845 1275 916 lacrymis
1309 846 1560 916 prosequi,
1604 848 1729 897 Huic
1757 846 2022 915 supremum
2054 849 2175 902 vale,

124 922 237 972 Deo
264 919 326 973 fic
352 920 575 974 volente,
609 917 763 971 dicere
787 918 1066 980 discedenti,
1116 920 1238 973 ¹-Iuic
1268 938 1508 989 parentare
1536 920 1639 983 iulii,
1661 921 1829 972 sumus.
1913 924 2176 975 Parentauit

123 993 319 1067 quidem
345 998 394 1050 ὃς
413 995 692 1067 prosequuta
711 994 949 1066 exsequias
967 994 1172 1047 vniuersa
1197 997 1260 1046 est
1280 995 1445 1065 patria,
1477 1014 1530 1046 ea
1550 996 1652 1046 sane
1680 996 1962 1067 frequentia,
2002 1016 2050 1048 vt
2073 998 2174 1048 latis

121 1068 411 1140 adparuerit‚
452 1072 695 1123 neminem
729 1068 839 1132 esse,
865 1068 924 1122 ad
950 1089 1095 1143 quem
1121 1071 1234 1122 tanti
1264 1070 1435 1121 funeris
1460 1089 1564 1121 non
1585 1069 1815 1122 redundet
1833 1069 1997 1121 luctus,
2070 1071 2174 1124 Ob-

123 1145 322 1198 uersatur
342 1143 582 1218 hodieque
601 1145 946 1215 supremorum,
975 1164 1064 1214 pro
1084 1143 1309 1219 dignitate
1326 1145 1450 1196 lllius
1474 1145 1651 1214 pariter,
1683 1147 1763 1218 qui
1783 1144 2103 1202 ordinaueiat,
2125 1151 2175 1201 ὃς

119 1219 274 1274 Illius,
304 1221 379 1273 cui
407 1220 730 1280 soluebantur,
760 1221 808 1272 id
837 1221 900 1272 est
929 1219 1390 1294 magnificentisfime
1418 1237 1782 1289 procuratorum
1815 1221 1981 1270 animis
2010 1223 2174 1272 nostris

115 1295 310 1368 imag0‚
344 1293 612 1348 obuersatur
628 1295 935 1348 lamentabilis
954 1295 1304 1366 comploratiO,
1336 1297 1385 1347 in
1405 1313 1520 1367 qua,
1539 1293 1646 1346 licet
1663 1297 1844 1347 nostrae
1864 1296 2002 1346 etiam
2024 1315 2175 1367 agno—

118 1371 301 1423 scamus
319 1372 553 1444 quaedam
583 1371 762 1441 pietatis
783 1371 998 1444 vestigia:
1049 1389 1210 1424 tamen
1237 1371 1463 1424 nondum
1491 1370 1593 1422 satis
1621 1370 1868 1422 iustissimo
1899 1370 2177 1422 indulsimus

120 1444 302 1509 dolori,
332 1448 556 1499 nondum
578 1446 676 1499 satis
704 1446 1014 1518 lacrymarum
1040 1444 1289 1502 dedimus,
1323 1444 1548 1498 nondum
1576 1444 1830 1500 eluximus,
1861 1444 2084 1497 nondum
2113 1448 2177 1498 sa-

119 1521 176 1573 tis
196 1521 462 1595 Musagetae
488 1521 736 1595 quondam
765 1523 908 1574 nostri
935 1521 1220 1575 recoluimus
1249 1522 1561 1592 memoriam,
1590 1540 1841 1593 nunquam
1871 1520 2064 1593 quidem
2088 1540 2176 1590 pro

118 1595 347 1669 dignitate
368 1602 419 1653 ὅ(
437 1597 768 1671 magnitudine
789 1597 1067 1650 meritorum
1093 1596 1395 1651 recolendam
1419 1596 1542 1650 satis,
1564 1595 1639 1647 sed
1660 1615 1923 1666 propterea,
1943 1596 2029 1648 hac
2047 1615 2174 1665 prae-

115 1671 270 1724 sertim
290 1674 539 1726 emortuali
559 1672 657 1735 die,
688 1675 967 1746 neutiquam
986 1673 1140 1743 impio
1158 1671 1373 1746 quodam
1396 1671 1580 1724 silentio
1599 1672 1779 1741 penitus
1800 1691 1825 1723 a
1843 1671 1984 1722 nobis
2005 1671 2176 1723 oblite-

109 1747 326 1805 randam.
403 1751 537 1802 Sacra
566 1766 684 1821 ergo
711 1747 971 1802 immortali
1000 1756 1364 1802 PRINCIPIS
1387 1765 1558 1799 omnes
1586 1748 1680 1798 fere
1711 1747 1989 1798 mortalium
2014 1746 2177 1799 laudes

111 1821 384 1896 supergressi
402 1824 665 1876 memoriae
682 1822 797 1875 haec
819 1825 915 1878 esto
936 1823 1115 1882 oratio,
1150 1824 1248 1885 cui,
1269 1839 1506 1897 quantum
1528 1821 1601 1874 vel
1624 1822 1924 1893 eloquentiae
1954 1821 2076 1874 deest
2104 1821 2176 1873 vel

106 1896 380 1959 *maiestatis5
416 1914 602 1950 tanturn
623 1898 708 1967 pii,
741 1914 927 1952 tantum
948 1897 1136 1962 deuoti,
1170 1916 1353 1951 tantum
1374 1897 1492 1970 grati
1521 1896 1842 1967 memorisque
1872 1897 2020 1948 ammi
2047 1917 2178 1950 acce—

111 1970 194 2023 dit.
268 1970 525 2043 Equidem,
562 1988 821 2042 magnum‚
861 1972 1137 2034 Auditores‚
1168 1993 1291 2041 opus
1318 1971 1593 2043 adgredior,
1635 1971 1872 2040 miliique,
1908 1970 1938 2020 fi
1968 1972 2086 2022 vires
2131 1974 2178 2024 in

103 2044 319 2100 dicendo
336 2062 466 2098 meas
484 2045 666 2115 spetstO,
691 2062 817 2096 onus
845 2050 996 2097 Aetna
1021 2045 1210 2119 grauius
1239 2046 1451 2098 sustinere
1472 2043 1654 2105 videor,
1684 2045 1855 2114 partim
1877 2049 1998 2096 Eum
2022 2046 2178 2098 lauda-

100 2138 268 2176 turus,
300 2119 434 2173 cuius
451 2140 512 2173 ne
531 2119 668 2190 culpa
685 2119 863 2192 ingenii
897 2120 988 2173 mei
1026 2120 1297 2173 deterantur
1328 2119 1488 2190 potius
1519 2138 1664 2191 quam
1690 2118 1970 2171 extollantur
2000 2119 2181 2185 laudm,

109 2214 295 2258 vereor,
324 2194 499 2264 :partim
525 2194 585 2250 ad
605 2213 688 2247 eos
707 2194 944 2250 dicturus,
979 2215 1193 2268 quorum
1212 2215 1263 2249 vt
1282 2195 1355 2250 vel
1379 2193 1689 2265 expectationi
1720 2195 1791 2246 vel
1826 2195 2003 2247 iudicio
2032 2195 2176 2248 adcu-

106 2269 361 2335 ratissimo,
393 2269 492 2321 satis
519 2270 695 2340 possim
727 2268 880 2321 facere
907 2271 1088 2330 time0,
1115 2271 1282 2339 partim
1313 2289 1403 2338 pro
1431 2269 1482 2320 iis
1516 2267 1656 2320 verba
1683 2269 1913 2328 faeturuS,
1939 2290 2174 2341 quorum,

104 2363 264 2418 ,quum
287 2343 423 2397 multi
447 2343 557 2403 sint,
586 2363 677 2414 pro
703 2343 919 2396 varietate
944 2343 1171 2396 tristitiae,
1191 2362 1377 2416 proque
1397 2341 1725 2415 magnitudine
1747 2343 1924 2409 pietatis
1948 2345 2173 2413 interpre-

104 2437 206 2476 tem
234 2418 514 2472 animorum
544 2438 602 2472 ex
627 2436 751 2473 voto
781 2436 915 2490 agere
949 2412 1298 2473 difficillimum.
1351 2420 1531 2469 Verum
1555 2413 1679 2467 hanc
1699 2416 1843 2485 ipsam
1863 2415 1930 2467 ob
1950 2419 2175 2484 caussam,

107 2493 246 2568 quod
265 2512 499 2566 magnum
521 2513 642 2563 opus
659 2493 937 2567 adgredior,
971 2496 1021 2546 &
1043 2493 1106 2544 ita
1132 2491 1357 2564 quidem,
1384 2507 1440 2542 vt
1465 2489 1717 2542 detreaare
1746 2489 1859 2543 illud
1891 2510 1979 2544 nec
2011 2494 2175 2557 velim,

108 2589 221 2625 nec,
257 2568 291 2622 fi
309 2568 473 2624 velim,
503 2568 727 2628 debeam;
760 2566 858 2620 hoc
879 2566 1139 2620 faciliorem
1161 2588 1187 2620 a
1210 2565 1350 2619 vobis
1377 2567 1506 2636 spero
1529 2564 1739 2620 veniams
1769 2584 1870 2639 quo
1890 2568 2084 2639 aequius
2104 2572 2167 2623 est

107 2646 161 2708 in
177 2643 332 2698 arduis
351 2663 506 2697 rerum
531 2644 735 2698 sufficere
754 2643 894 2695 etiam
919 2641 1234 2701 voluntatem.
1307 2647 1343 2693 A
1367 2638 1503 2694 vobis
1533 2639 1675 2713 igitur
1700 2641 2023 2711 maximopere
2055 2663 2169 2713 peto

110 2725 161 2776 ὅ(
180 2721 380 2793 quaese,
403 2719 679 2781 AuditoreS,
702 2735 752 2772 vt
771 2718 817 2770 in
844 2717 931 2771 hac
952 2717 1220 2770 laudatione
1244 2716 1359 2770 illud
1386 2735 1490 2768 non
1509 2713 1622 2768 mihi
1645 2715 1868 2788 quidem,
1888 2716 1964 2769 sed
1982 2727 2169 2773 PRIN-

109 2803 297 2850 CIPIS.
329 2803 416 2848 DI
421 2803 469 2847 V
473 2805 502 2848 I
506 2803 594 2848 NI.
627 2793 908 2856 memoriae,
929 2813 1074 2865 quarn
1095 2793 1220 2846 nulla
1243 2790 1515 2845 violandam
1538 2789 1789 2844 obliuione
1807 2790 1999 2848 ducitis,
2018 2793 2167 2846 tribu-

105 2879 213 2942 atiS,
243 2895 294 2932 vt
314 2877 374 2931 de
393 2880 587 2932 summis
608 2868 841 2934 FRID
857 2867 1137 2934 ERICI.
1156 2886 1607 2933 SE-RENISSIMI.
1637 2875 1683 2926 in
1703 2874 1952 2928 Ecclesiam
1975 2879 2063 2930 Dei
2087 2898 2167 2948 pa-

99 2956 214 3008 -riter
241 2954 368 3009 &in
397 2955 659 3010 *vniuersam
691 2953 1032 3025 rempublicam
1063 2955 1243 3008 meritis
1265 2990 1278 3010 ,
1327 2973 1540 3027 quorum
1577 2951 1747 3023 partim
1783 2950 2036 3004 administri
2074 2954 2164 3005 fui-

98 3031 180 3082 stis
197 3067 212 3085 ‚
252 3030 416 3100 partim
438 3031 654 3096 conscii,
681 3050 760 3084 me
788 3030 1023 3084 dicentem
1055 3028 1288 3083 beneuole
1308 3029 1560 3083 auscultare
1577 3073 1589 3092 ,
1624 3028 1670 3079 in
1701 3025 1871 3099 quibus
1897 3044 2054 3084 autem
2085 3048 2164 3081 me

97 3105 531 3176 parumcumulate
551 3105 867 3181 magnitudini
897 3106 1124 3159 virtutum
1161 3111 1380 3159 TANTI.
1415 3110 1773 3158 PRINCIPIS
1805 3102 2160 3157 satisfacientem

93 3179 499 3253 deprehenderitis
521 3223 535 3244 ,
578 3201 748 3236 eorum
783 3180 899 3234 mihi
937 3184 1134 3256 gratiam
1163 3181 1312 3235 facere
1338 3181 1499 3234 velitis,
1585 3177 1737 3251 Qod
1757 3219 1768 3238 ,
1803 3176 1833 3228 si
1862 3178 1982 3231 mihi
2017 3198 2043 3231 a
2073 3199 2157 3232 vo-

97 3255 178 3311 -bis
197 3255 351 3311 tribui
378 3256 678 3333 concedique
710 3258 899 3311 sentiam
921 3293 935 3313 ‚
966 3257 1168 3311 efficiam
1199 3256 1417 3328 profecto
1440 3301 1452 3319 ‚
1490 3272 1540 3308 vt
1564 3273 1666 3305 non
1696 3253 1852 3305 modo
1882 3273 1936 3306 ex
1961 3273 2157 3307 enume-

103 3332 288 3390 ratione
327 3339 415 3387 ΟΡ
430 3338 604 3388 TIMI.
633 3339 983 3390 PRINCIPIS
1016 3333 1241 3405 praeclare
1268 3333 1508 3385 fastorum
1528 3329 1845 3398 voluptatem5
1883 3329 1956 3386 sed
1987 3332 2155 3412 vestrae

2013 3423 2150 3457 etiam
