<?xml version="1.0" encoding="UTF-8"?>
<!DOCTYPE html PUBLIC "-//W3C//DTD XHTML 1.0 Transitional//EN"
    "http://www.w3.org/TR/xhtml1/DTD/xhtml1-transitional.dtd">
<html xmlns="http://www.w3.org/1999/xhtml" xml:lang="en" lang="en">
 <head>
  <title>
</title>
<meta http-equiv="Content-Type" content="text/html;charset=utf-8" />
  <meta name='ocr-system' content='tesseract 3.04.00' />
  <meta name='ocr-capabilities' content='ocr_page ocr_carea ocr_par ocr_line ocrx_word'/>
</head>
<body>
  <div class='ocr_page' id='page_1' title='image "./hochverdienteseh00bern_0323.png"; bbox 0 0 2540 4029; ppageno 0'>
   <div class='ocr_carea' id='block_1_1' title="bbox 624 198 2221 279">
    <p class='ocr_par' dir='ltr' id='par_1_1' title="bbox 624 198 2221 279">
     <span class='ocr_line' id='line_1_1' title="bbox 624 198 2221 279; baseline -0.007 -4"><span class='ocrx_word' id='word_1_1' title='bbox 624 204 1272 274; x_wconf 87' lang='lat' dir='ltr'>PROGRAMMA</span> <span class='ocrx_word' id='word_1_2' title='bbox 1331 198 1762 271; x_wconf 87' lang='lat' dir='ltr'>IENENSE.</span> <span class='ocrx_word' id='word_1_3' title='bbox 2143 219 2221 279; x_wconf 82' lang='lat'>311</span> 
     </span>
    </p>
   </div>
   <div class='ocr_carea' id='block_1_2' title="bbox 153 302 2230 456">
    <p class='ocr_par' dir='ltr' id='par_1_2' title="bbox 153 302 2230 456">
     <span class='ocr_line' id='line_1_2' title="bbox 153 302 2230 456; baseline 0 3573"><span class='ocrx_word' id='word_1_4' title='bbox 153 302 2230 456; x_wconf 95' lang='lat' dir='ltr'> </span> 
     </span>
    </p>
   </div>
   <div class='ocr_carea' id='block_1_3' title="bbox 155 479 2227 3509">
    <p class='ocr_par' dir='ltr' id='par_1_3' title="bbox 155 479 2227 3451">
     <span class='ocr_line' id='line_1_3' title="bbox 160 479 2225 538; baseline -0.003 -12"><span class='ocrx_word' id='word_1_5' title='bbox 160 484 243 536; x_wconf 87' lang='lat' dir='ltr'>bis,</span> <span class='ocrx_word' id='word_1_6' title='bbox 268 481 372 525; x_wconf 86' lang='lat' dir='ltr'>nulla</span> <span class='ocrx_word' id='word_1_7' title='bbox 389 481 602 522; x_wconf 91' lang='lat' dir='ltr'>hominum</span> <span class='ocrx_word' id='word_1_8' title='bbox 625 487 806 524; x_wconf 90' lang='lat' dir='ltr'>oratione</span> <span class='ocrx_word' id='word_1_9' title='bbox 826 480 1135 538; x_wconf 81' lang='lat' dir='ltr'>exprimendam</span> <span class='ocrx_word' id='word_1_10' title='bbox 1157 484 1372 523; x_wconf 85' lang='lat' dir='ltr'>coniunxit</span> <span class='ocrx_word' id='word_1_11' title='bbox 1384 512 1397 532; x_wconf 94' lang='lat'>,</span> <span class='ocrx_word' id='word_1_12' title='bbox 1420 493 1611 534; x_wconf 90' lang='lat' dir='ltr'>eamque,</span> <span class='ocrx_word' id='word_1_13' title='bbox 1637 479 1861 519; x_wconf 86' lang='lat' dir='ltr'>miserando</span> <span class='ocrx_word' id='word_1_14' title='bbox 1881 479 2077 519; x_wconf 76' lang='lat' dir='ltr'>humanae</span> <span class='ocrx_word' id='word_1_15' title='bbox 2094 479 2225 520; x_wconf 88' lang='lat' dir='ltr'>imbe-</span> 
     </span>
     <span class='ocr_line' id='line_1_4' title="bbox 160 540 2221 599; baseline -0.003 -8"><span class='ocrx_word' id='word_1_16' title='bbox 160 548 348 597; x_wconf 82' lang='lat' dir='ltr'>cillitatis,</span> <span class='ocrx_word' id='word_1_17' title='bbox 375 545 621 599; x_wconf 86' lang='lat' dir='ltr'>ignoscendo</span> <span class='ocrx_word' id='word_1_18' title='bbox 651 546 872 597; x_wconf 74' lang='lat' dir='ltr'>erroribuS,</span> <span class='ocrx_word' id='word_1_19' title='bbox 900 545 1096 588; x_wconf 87' lang='lat' dir='ltr'>auxilium</span> <span class='ocrx_word' id='word_1_20' title='bbox 1125 544 1261 587; x_wconf 89' lang='lat' dir='ltr'>dando</span> <span class='ocrx_word' id='word_1_21' title='bbox 1289 544 1551 594; x_wconf 73' lang='lat' dir='ltr'>calamitosis,</span> <span class='ocrx_word' id='word_1_22' title='bbox 1577 552 1615 584; x_wconf 92' lang='lat' dir='ltr'>et</span> <span class='ocrx_word' id='word_1_23' title='bbox 1633 552 1755 597; x_wconf 88' lang='lat' dir='ltr'>opem</span> <span class='ocrx_word' id='word_1_24' title='bbox 1775 541 1945 592; x_wconf 85' lang='lat' dir='ltr'>miseris,</span> <span class='ocrx_word' id='word_1_25' title='bbox 1971 544 2024 583; x_wconf 87' lang='lat' dir='ltr'>ita</span> <span class='ocrx_word' id='word_1_26' title='bbox 2049 540 2221 585; x_wconf 90' lang='lat' dir='ltr'>demon·-</span> 
     </span>
     <span class='ocr_line' id='line_1_5' title="bbox 158 605 2222 667; baseline -0.003 -12"><span class='ocrx_word' id='word_1_27' title='bbox 158 611 314 661; x_wconf 86' lang='lat' dir='ltr'>strauit,</span> <span class='ocrx_word' id='word_1_28' title='bbox 339 618 382 652; x_wconf 92' lang='lat' dir='ltr'>vt</span> <span class='ocrx_word' id='word_1_29' title='bbox 407 611 450 649; x_wconf 90' lang='lat' dir='ltr'>in</span> <span class='ocrx_word' id='word_1_30' title='bbox 476 620 562 653; x_wconf 92' lang='lat' dir='ltr'>toto</span> <span class='ocrx_word' id='word_1_31' title='bbox 585 614 708 667; x_wconf 78' lang='lat' dir='ltr'>ipsius</span> <span class='ocrx_word' id='word_1_32' title='bbox 735 612 906 666; x_wconf 90' lang='lat' dir='ltr'>imperio</span> <span class='ocrx_word' id='word_1_33' title='bbox 936 608 1038 651; x_wconf 91' lang='lat' dir='ltr'>nihil</span> <span class='ocrx_word' id='word_1_34' title='bbox 1062 608 1276 661; x_wconf 88' lang='lat' dir='ltr'>acerbum,</span> <span class='ocrx_word' id='word_1_35' title='bbox 1302 608 1402 652; x_wconf 89' lang='lat' dir='ltr'>nihil</span> <span class='ocrx_word' id='word_1_36' title='bbox 1427 606 1606 657; x_wconf 90' lang='lat' dir='ltr'>crudele,</span> <span class='ocrx_word' id='word_1_37' title='bbox 1635 605 1700 647; x_wconf 91' lang='lat' dir='ltr'>sed</span> <span class='ocrx_word' id='word_1_38' title='bbox 1718 607 1854 646; x_wconf 90' lang='lat' dir='ltr'>omnia</span> <span class='ocrx_word' id='word_1_39' title='bbox 1871 605 1989 659; x_wconf 88' lang='lat' dir='ltr'>plena</span> <span class='ocrx_word' id='word_1_40' title='bbox 2009 607 2222 661; x_wconf 82' lang='lat' dir='ltr'>indulgen-—</span> 
     </span>
     <span class='ocr_line' id='line_1_6' title="bbox 157 667 2222 731; baseline -0.001 -14"><span class='ocrx_word' id='word_1_41' title='bbox 157 677 255 724; x_wconf 86' lang='lat' dir='ltr'>tiae,</span> <span class='ocrx_word' id='word_1_42' title='bbox 280 673 614 727; x_wconf 83' lang='lat' dir='ltr'>mansuetudinis,</span> <span class='ocrx_word' id='word_1_43' title='bbox 642 685 760 731; x_wconf 90' lang='lat' dir='ltr'>atque</span> <span class='ocrx_word' id='word_1_44' title='bbox 775 673 1031 716; x_wconf 87' lang='lat' dir='ltr'>humanitatis</span> <span class='ocrx_word' id='word_1_45' title='bbox 1047 670 1197 715; x_wconf 86' lang='lat' dir='ltr'>fuerint</span> <span class='ocrx_word' id='word_1_46' title='bbox 1212 683 1382 728; x_wconf 87' lang='lat' dir='ltr'>reperta.</span> <span class='ocrx_word' id='word_1_47' title='bbox 1434 670 1732 721; x_wconf 68' lang='lat' dir='ltr'>Subiec&#39;corum,</span> <span class='ocrx_word' id='word_1_48' title='bbox 1761 667 1789 711; x_wconf 84' lang='lat' dir='ltr'><strong>fi</strong></span> <span class='ocrx_word' id='word_1_49' title='bbox 1807 681 1909 725; x_wconf 87' lang='lat' dir='ltr'>quae</span> <span class='ocrx_word' id='word_1_50' title='bbox 1926 669 1993 711; x_wconf 89' lang='lat' dir='ltr'>sub</span> <span class='ocrx_word' id='word_1_51' title='bbox 2012 681 2093 713; x_wconf 87' lang='lat' dir='ltr'>tam</span> <span class='ocrx_word' id='word_1_52' title='bbox 2108 672 2222 715; x_wconf 90' lang='lat' dir='ltr'>bono</span> 
     </span>
     <span class='ocr_line' id='line_1_7' title="bbox 155 732 2222 795; baseline 0 -17"><span class='ocrx_word' id='word_1_53' title='bbox 155 740 341 795; x_wconf 86' lang='lat' dir='ltr'><strong>principe</strong></span> <span class='ocrx_word' id='word_1_54' title='bbox 359 737 435 781; x_wconf 79' lang='lat' dir='ltr'>esse</span> <span class='ocrx_word' id='word_1_55' title='bbox 455 750 691 794; x_wconf 91' lang='lat' dir='ltr'>potuerunt,</span> <span class='ocrx_word' id='word_1_56' title='bbox 715 739 796 794; x_wconf 87' lang='lat' dir='ltr'>ipse</span> <span class='ocrx_word' id='word_1_57' title='bbox 811 735 966 778; x_wconf 89' lang='lat' dir='ltr'>audiuit</span> <span class='ocrx_word' id='word_1_58' title='bbox 986 736 1188 793; x_wconf 82' lang='lat' dir='ltr'>querelas,</span> <span class='ocrx_word' id='word_1_59' title='bbox 1217 735 1386 792; x_wconf 85' lang='lat' dir='ltr'>illosque</span> <span class='ocrx_word' id='word_1_60' title='bbox 1404 738 1517 776; x_wconf 91' lang='lat' dir='ltr'>omni</span> <span class='ocrx_word' id='word_1_61' title='bbox 1535 748 1586 777; x_wconf 88' lang='lat' dir='ltr'>ex</span> <span class='ocrx_word' id='word_1_62' title='bbox 1601 743 1708 789; x_wconf 87' lang='lat' dir='ltr'>parte</span> <span class='ocrx_word' id='word_1_63' title='bbox 1731 732 1878 774; x_wconf 86' lang='lat' dir='ltr'>illaesos</span> <span class='ocrx_word' id='word_1_64' title='bbox 1896 734 2105 788; x_wconf 87' lang='lat' dir='ltr'>praestitit:</span> <span class='ocrx_word' id='word_1_65' title='bbox 2135 749 2222 791; x_wconf 47' lang='grc' dir='ltr'>ἕως</span> 
     </span>
     <span class='ocr_line' id='line_1_8' title="bbox 156 796 2222 857; baseline 0 -14"><span class='ocrx_word' id='word_1_66' title='bbox 156 803 245 844; x_wconf 88' lang='lat' dir='ltr'>uius</span> <span class='ocrx_word' id='word_1_67' title='bbox 266 800 341 842; x_wconf 88' lang='lat' dir='ltr'>illis</span> <span class='ocrx_word' id='word_1_68' title='bbox 363 816 581 857; x_wconf 81' lang='lat' dir='ltr'>numquam</span> <span class='ocrx_word' id='word_1_69' title='bbox 600 802 789 857; x_wconf 84' lang='lat' dir='ltr'>imposuit</span> <span class='ocrx_word' id='word_1_70' title='bbox 805 799 1016 852; x_wconf 89' lang='lat' dir='ltr'>tributum,</span> <span class='ocrx_word' id='word_1_71' title='bbox 1041 810 1080 843; x_wconf 86' lang='lat' dir='ltr'>et</span> <span class='ocrx_word' id='word_1_72' title='bbox 1102 803 1146 841; x_wconf 87' lang='lat' dir='ltr'>in</span> <span class='ocrx_word' id='word_1_73' title='bbox 1173 802 1348 842; x_wconf 87' lang='lat' dir='ltr'>comitiis</span> <span class='ocrx_word' id='word_1_74' title='bbox 1372 797 1687 855; x_wconf 89' lang='lat' dir='ltr'>prouincialibus</span> <span class='ocrx_word' id='word_1_75' title='bbox 1709 796 1872 839; x_wconf 69' lang='lat' dir='ltr'>delestis</span> <span class='ocrx_word' id='word_1_76' title='bbox 1894 797 2085 841; x_wconf 83' lang='lat' dir='ltr'>ordinum</span> <span class='ocrx_word' id='word_1_77' title='bbox 2104 815 2222 844; x_wconf 86' lang='lat' dir='ltr'>aures</span> 
     </span>
     <span class='ocr_line' id='line_1_9' title="bbox 155 862 2223 921; baseline 0.003 -18"><span class='ocrx_word' id='word_1_78' title='bbox 155 862 340 918; x_wconf 89' lang='lat' dir='ltr'>praebuit</span> <span class='ocrx_word' id='word_1_79' title='bbox 358 864 677 921; x_wconf 77' lang='lat' dir='ltr'>benigniffimaS,</span> <span class='ocrx_word' id='word_1_80' title='bbox 701 866 911 908; x_wconf 87' lang='lat' dir='ltr'>cohortem</span> <span class='ocrx_word' id='word_1_81' title='bbox 934 865 1198 919; x_wconf 83' lang='lat' dir='ltr'>praetoriam,</span> <span class='ocrx_word' id='word_1_82' title='bbox 1232 872 1271 904; x_wconf 93' lang='lat' dir='ltr'>et</span> <span class='ocrx_word' id='word_1_83' title='bbox 1290 867 1499 918; x_wconf 89' lang='lat' dir='ltr'>copiarum</span> <span class='ocrx_word' id='word_1_84' title='bbox 1517 862 1720 917; x_wconf 88' lang='lat' dir='ltr'>legiones,</span> <span class='ocrx_word' id='word_1_85' title='bbox 1749 865 1865 903; x_wconf 92' lang='lat' dir='ltr'>omni</span> <span class='ocrx_word' id='word_1_86' title='bbox 1891 863 2096 918; x_wconf 83' lang='lat' dir='ltr'>disciplina</span> <span class='ocrx_word' id='word_1_87' title='bbox 2116 867 2223 909; x_wconf 90' lang='lat' dir='ltr'>mili-</span> 
     </span>
     <span class='ocr_line' id='line_1_10' title="bbox 156 926 2222 983; baseline 0.001 -16"><span class='ocrx_word' id='word_1_88' title='bbox 156 929 231 968; x_wconf 89' lang='lat' dir='ltr'>tari</span> <span class='ocrx_word' id='word_1_89' title='bbox 249 927 442 980; x_wconf 82' lang='lat' dir='ltr'>eruditas,</span> <span class='ocrx_word' id='word_1_90' title='bbox 463 928 616 971; x_wconf 90' lang='lat' dir='ltr'>ciuibus</span> <span class='ocrx_word' id='word_1_91' title='bbox 637 942 760 970; x_wconf 92' lang='lat' dir='ltr'>onere</span> <span class='ocrx_word' id='word_1_92' title='bbox 776 928 937 980; x_wconf 86' lang='lat' dir='ltr'>leuatis,</span> <span class='ocrx_word' id='word_1_93' title='bbox 961 928 1075 971; x_wconf 87' lang='lat' dir='ltr'>aluit:</span> <span class='ocrx_word' id='word_1_94' title='bbox 1112 939 1230 983; x_wconf 90' lang='lat' dir='ltr'>atque</span> <span class='ocrx_word' id='word_1_95' title='bbox 1248 931 1302 970; x_wconf 89' lang='lat' dir='ltr'>ita</span> <span class='ocrx_word' id='word_1_96' title='bbox 1322 926 1456 970; x_wconf 89' lang='lat' dir='ltr'>vbiuis</span> <span class='ocrx_word' id='word_1_97' title='bbox 1473 929 1558 983; x_wconf 92' lang='lat' dir='ltr'>ipso</span> <span class='ocrx_word' id='word_1_98' title='bbox 1576 940 1698 982; x_wconf 89' lang='lat' dir='ltr'>opere</span> <span class='ocrx_word' id='word_1_99' title='bbox 1717 926 1945 980; x_wconf 86' lang='lat' dir='ltr'>declarauit,</span> <span class='ocrx_word' id='word_1_100' title='bbox 1965 929 2057 981; x_wconf 87' lang='lat' dir='ltr'>fibi,</span> <span class='ocrx_word' id='word_1_101' title='bbox 2091 942 2133 972; x_wconf 87' lang='lat' dir='ltr'>vt</span> <span class='ocrx_word' id='word_1_102' title='bbox 2150 946 2222 974; x_wconf 60' lang='lat' dir='ltr'>na-</span> 
     </span>
     <span class='ocr_line' id='line_1_11' title="bbox 155 988 2222 1048; baseline 0.003 -16"><span class='ocrx_word' id='word_1_103' title='bbox 155 992 221 1032; x_wconf 90' lang='lat' dir='ltr'>uis</span> <span class='ocrx_word' id='word_1_104' title='bbox 248 991 506 1046; x_wconf 82' lang='lat' dir='ltr'>gubernatori</span> <span class='ocrx_word' id='word_1_105' title='bbox 532 993 686 1035; x_wconf 88' lang='lat' dir='ltr'>cursum</span> <span class='ocrx_word' id='word_1_106' title='bbox 714 992 953 1043; x_wconf 88' lang='lat' dir='ltr'>secundum,</span> <span class='ocrx_word' id='word_1_107' title='bbox 979 992 1135 1035; x_wconf 83' lang='lat' dir='ltr'><strong>beatam</strong></span> <span class='ocrx_word' id='word_1_108' title='bbox 1160 993 1319 1034; x_wconf 90' lang='lat' dir='ltr'>suorum</span> <span class='ocrx_word' id='word_1_109' title='bbox 1335 993 1460 1034; x_wconf 86' lang='lat' dir='ltr'>vitam</span> <span class='ocrx_word' id='word_1_110' title='bbox 1481 990 1671 1033; x_wconf 83' lang='lat' dir='ltr'>omnibus</span> <span class='ocrx_word' id='word_1_111' title='bbox 1687 995 1805 1034; x_wconf 87' lang='lat' dir='ltr'>vnice</span> <span class='ocrx_word' id='word_1_112' title='bbox 1824 996 1867 1034; x_wconf 90' lang='lat' dir='ltr'>in</span> <span class='ocrx_word' id='word_1_113' title='bbox 1892 992 2010 1034; x_wconf 88' lang='lat' dir='ltr'>rebus</span> <span class='ocrx_word' id='word_1_114' title='bbox 2032 988 2107 1035; x_wconf 78' lang='lat' dir='ltr'>esse</span> <span class='ocrx_word' id='word_1_115' title='bbox 2128 1008 2222 1048; x_wconf 45' lang='lat' dir='ltr'>pro*</span> 
     </span>
     <span class='ocr_line' id='line_1_12' title="bbox 156 1050 2223 1111; baseline 0.002 -16"><span class='ocrx_word' id='word_1_116' title='bbox 156 1050 339 1107; x_wconf 78' lang='lat' dir='ltr'>positam.</span> <span class='ocrx_word' id='word_1_117' title='bbox 392 1054 541 1099; x_wconf 86' lang='lat' dir='ltr'>Tribus</span> <span class='ocrx_word' id='word_1_118' title='bbox 559 1057 722 1098; x_wconf 71' lang='lat' dir='ltr'>fiammis</span> <span class='ocrx_word' id='word_1_119' title='bbox 742 1054 977 1099; x_wconf 86' lang='lat' dir='ltr'>christianae</span> <span class='ocrx_word' id='word_1_120' title='bbox 994 1053 1237 1111; x_wconf 86' lang='lat' dir='ltr'>reipublicae</span> <span class='ocrx_word' id='word_1_121' title='bbox 1255 1054 1575 1111; x_wconf 82' lang='lat' dir='ltr'>imperatoribus,</span> <span class='ocrx_word' id='word_1_122' title='bbox 1601 1068 1870 1097; x_wconf 66' lang='lat' dir='ltr'>LEororno</span> <span class='ocrx_word' id='word_1_123' title='bbox 1895 1068 2059 1108; x_wconf 83' lang='lat' dir='ltr'>magno,</span> <span class='ocrx_word' id='word_1_124' title='bbox 2090 1070 2223 1100; x_wconf 75' lang='lat' dir='ltr'>iosE-</span> 
     </span>
     <span class='ocr_line' id='line_1_13' title="bbox 155 1112 2222 1176; baseline 0.003 -19"><span class='ocrx_word' id='word_1_125' title='bbox 155 1128 253 1159; x_wconf 79' lang='lat' dir='ltr'>PHO</span> <span class='ocrx_word' id='word_1_126' title='bbox 287 1117 401 1171; x_wconf 89' lang='lat' dir='ltr'>forti,</span> <span class='ocrx_word' id='word_1_127' title='bbox 428 1129 465 1161; x_wconf 93' lang='lat' dir='ltr'>et</span> <span class='ocrx_word' id='word_1_128' title='bbox 491 1131 694 1162; x_wconf 77' lang='lat' dir='ltr'>CARoLo</span> <span class='ocrx_word' id='word_1_129' title='bbox 719 1117 777 1163; x_wconf 90' lang='lat' dir='ltr'>VI</span> <span class='ocrx_word' id='word_1_130' title='bbox 801 1117 917 1161; x_wconf 89' lang='lat' dir='ltr'>heroi</span> <span class='ocrx_word' id='word_1_131' title='bbox 934 1117 1213 1170; x_wconf 59' lang='lat' dir='ltr'>inuictiffimo,</span> <span class='ocrx_word' id='word_1_132' title='bbox 1238 1112 1437 1161; x_wconf 85' lang='lat' dir='ltr'>iucundus</span> <span class='ocrx_word' id='word_1_133' title='bbox 1461 1117 1634 1172; x_wconf 88' lang='lat' dir='ltr'>semper,</span> <span class='ocrx_word' id='word_1_134' title='bbox 1663 1127 1702 1158; x_wconf 91' lang='lat' dir='ltr'>et</span> <span class='ocrx_word' id='word_1_135' title='bbox 1718 1116 1936 1160; x_wconf 86' lang='lat' dir='ltr'>honoratus</span> <span class='ocrx_word' id='word_1_136' title='bbox 1956 1117 2051 1160; x_wconf 81' lang='lat' dir='ltr'>fuit:</span> <span class='ocrx_word' id='word_1_137' title='bbox 2089 1121 2222 1176; x_wconf 83' lang='lat' dir='ltr'>fingu-</span> 
     </span>
     <span class='ocr_line' id='line_1_14' title="bbox 156 1178 2223 1241; baseline 0.001 -18"><span class='ocrx_word' id='word_1_138' title='bbox 156 1179 282 1225; x_wconf 83' lang='lat' dir='ltr'>larem</span> <span class='ocrx_word' id='word_1_139' title='bbox 302 1187 413 1226; x_wconf 90' lang='lat' dir='ltr'>enim</span> <span class='ocrx_word' id='word_1_140' title='bbox 431 1187 605 1241; x_wconf 86' lang='lat' dir='ltr'>imperio</span> <span class='ocrx_word' id='word_1_141' title='bbox 621 1183 742 1227; x_wconf 89' lang='lat' dir='ltr'>fidem</span> <span class='ocrx_word' id='word_1_142' title='bbox 753 1215 765 1235; x_wconf 89' lang='lat'>,</span> <span class='ocrx_word' id='word_1_143' title='bbox 785 1182 1155 1238; x_wconf 89' lang='lat' dir='ltr'>firmitudinemque</span> <span class='ocrx_word' id='word_1_144' title='bbox 1173 1185 1299 1224; x_wconf 89' lang='lat' dir='ltr'>animi</span> <span class='ocrx_word' id='word_1_145' title='bbox 1318 1178 1523 1238; x_wconf 87' lang='lat' dir='ltr'>praestitit,</span> <span class='ocrx_word' id='word_1_146' title='bbox 1549 1190 1587 1222; x_wconf 93' lang='lat' dir='ltr'>et</span> <span class='ocrx_word' id='word_1_147' title='bbox 1611 1183 1656 1222; x_wconf 89' lang='lat' dir='ltr'>in</span> <span class='ocrx_word' id='word_1_148' title='bbox 1674 1183 1850 1224; x_wconf 78' lang='lat' dir='ltr'>comitiis</span> <span class='ocrx_word' id='word_1_149' title='bbox 1869 1178 2027 1224; x_wconf 84' lang='lat' dir='ltr'>consilia</span> <span class='ocrx_word' id='word_1_150' title='bbox 2043 1187 2223 1226; x_wconf 80' lang='lat' dir='ltr'>maxime</span> 
     </span>
     <span class='ocr_line' id='line_1_15' title="bbox 156 1238 2224 1303; baseline 0 -16"><span class='ocrx_word' id='word_1_151' title='bbox 156 1244 334 1289; x_wconf 79' lang='lat' dir='ltr'>salutaria</span> <span class='ocrx_word' id='word_1_152' title='bbox 352 1251 397 1290; x_wconf 86' lang='lat' dir='ltr'>in</span> <span class='ocrx_word' id='word_1_153' title='bbox 415 1252 588 1303; x_wconf 85' lang='lat' dir='ltr'>negotiis</span> <span class='ocrx_word' id='word_1_154' title='bbox 612 1243 778 1291; x_wconf 86' lang='lat' dir='ltr'>contulit</span> <span class='ocrx_word' id='word_1_155' title='bbox 795 1246 995 1289; x_wconf 90' lang='lat' dir='ltr'>omnibus.</span> <span class='ocrx_word' id='word_1_156' title='bbox 1046 1247 1214 1299; x_wconf 86' lang='lat' dir='ltr'>Saepius</span> <span class='ocrx_word' id='word_1_157' title='bbox 1231 1244 1374 1287; x_wconf 86' lang='lat' dir='ltr'>arbiter</span> <span class='ocrx_word' id='word_1_158' title='bbox 1390 1245 1437 1284; x_wconf 89' lang='lat' dir='ltr'>in</span> <span class='ocrx_word' id='word_1_159' title='bbox 1456 1241 1596 1284; x_wconf 85' lang='lat' dir='ltr'>cauffis</span> <span class='ocrx_word' id='word_1_160' title='bbox 1618 1243 1856 1297; x_wconf 85' lang='lat' dir='ltr'>grauisfimis</span> <span class='ocrx_word' id='word_1_161' title='bbox 1873 1238 2032 1300; x_wconf 85' lang='lat' dir='ltr'>publica</span> <span class='ocrx_word' id='word_1_162' title='bbox 2049 1245 2224 1288; x_wconf 63' lang='lat' dir='ltr'>auciori-</span> 
     </span>
     <span class='ocr_line' id='line_1_16' title="bbox 157 1305 2224 1370; baseline -0.001 -18"><span class='ocrx_word' id='word_1_163' title='bbox 157 1321 238 1352; x_wconf 83' lang='lat' dir='ltr'>tate</span> <span class='ocrx_word' id='word_1_164' title='bbox 261 1313 515 1364; x_wconf 86' lang='lat' dir='ltr'>constitutus,</span> <span class='ocrx_word' id='word_1_165' title='bbox 541 1325 692 1370; x_wconf 89' lang='lat' dir='ltr'>partes,</span> <span class='ocrx_word' id='word_1_166' title='bbox 713 1325 822 1368; x_wconf 73' lang='lat' dir='ltr'>quas</span> <span class='ocrx_word' id='word_1_167' title='bbox 839 1315 1017 1367; x_wconf 86' lang='lat' dir='ltr'>excepit,</span> <span class='ocrx_word' id='word_1_168' title='bbox 1045 1313 1222 1352; x_wconf 86' lang='lat' dir='ltr'>maxima</span> <span class='ocrx_word' id='word_1_169' title='bbox 1244 1322 1336 1352; x_wconf 92' lang='lat' dir='ltr'>cum</span> <span class='ocrx_word' id='word_1_170' title='bbox 1353 1306 1469 1350; x_wconf 84' lang='lat' dir='ltr'>laude</span> <span class='ocrx_word' id='word_1_171' title='bbox 1489 1305 1608 1349; x_wconf 81' lang='lat' dir='ltr'>obiit:</span> <span class='ocrx_word' id='word_1_172' title='bbox 1644 1318 1806 1361; x_wconf 88' lang='lat' dir='ltr'>rogatus</span> <span class='ocrx_word' id='word_1_173' title='bbox 1832 1311 1953 1350; x_wconf 88' lang='lat' dir='ltr'>etiam</span> <span class='ocrx_word' id='word_1_174' title='bbox 1973 1321 2224 1365; x_wconf 44' lang='lat' dir='ltr'>componena</span> 
     </span>
     <span class='ocr_line' id='line_1_17' title="bbox 158 1367 2224 1430; baseline 0.003 -18"><span class='ocrx_word' id='word_1_175' title='bbox 158 1367 245 1422; x_wconf 85' lang='lat' dir='ltr'>dis,</span> <span class='ocrx_word' id='word_1_176' title='bbox 269 1375 373 1415; x_wconf 89' lang='lat' dir='ltr'>inter</span> <span class='ocrx_word' id='word_1_177' title='bbox 389 1375 678 1430; x_wconf 83' lang='lat' dir='ltr'>potentiffimos</span> <span class='ocrx_word' id='word_1_178' title='bbox 697 1387 813 1428; x_wconf 86' lang='lat' dir='ltr'>reges</span> <span class='ocrx_word' id='word_1_179' title='bbox 825 1405 835 1425; x_wconf 92' lang='lat'>,</span> <span class='ocrx_word' id='word_1_180' title='bbox 867 1386 905 1415; x_wconf 88' lang='lat' dir='ltr'>et</span> <span class='ocrx_word' id='word_1_181' title='bbox 924 1377 1128 1430; x_wconf 86' lang='lat' dir='ltr'>principes</span> <span class='ocrx_word' id='word_1_182' title='bbox 1147 1376 1245 1416; x_wconf 89' lang='lat' dir='ltr'>ortis</span> <span class='ocrx_word' id='word_1_183' title='bbox 1263 1371 1397 1415; x_wconf 88' lang='lat' dir='ltr'>litibus</span> <span class='ocrx_word' id='word_1_184' title='bbox 1415 1385 1594 1427; x_wconf 87' lang='lat' dir='ltr'>operam,</span> <span class='ocrx_word' id='word_1_185' title='bbox 1620 1383 1667 1414; x_wconf 87' lang='lat' dir='ltr'>ac</span> <span class='ocrx_word' id='word_1_186' title='bbox 1687 1373 1864 1415; x_wconf 89' lang='lat' dir='ltr'>laborem</span> <span class='ocrx_word' id='word_1_187' title='bbox 1885 1373 2085 1428; x_wconf 85' lang='lat' dir='ltr'>auspicato</span> <span class='ocrx_word' id='word_1_188' title='bbox 2102 1379 2224 1418; x_wconf 81' lang='lat' dir='ltr'>inter-</span> 
     </span>
     <span class='ocr_line' id='line_1_18' title="bbox 159 1436 2224 1495; baseline 0.003 -18"><span class='ocrx_word' id='word_1_189' title='bbox 159 1437 311 1492; x_wconf 86' lang='lat' dir='ltr'>posuit,</span> <span class='ocrx_word' id='word_1_190' title='bbox 330 1437 518 1493; x_wconf 54' lang='lat' dir='ltr'>spectatus</span> <span class='ocrx_word' id='word_1_191' title='bbox 545 1452 631 1481; x_wconf 90' lang='lat' dir='ltr'>non</span> <span class='ocrx_word' id='word_1_192' title='bbox 647 1439 772 1481; x_wconf 91' lang='lat' dir='ltr'>solum</span> <span class='ocrx_word' id='word_1_193' title='bbox 790 1452 862 1494; x_wconf 90' lang='lat' dir='ltr'>per</span> <span class='ocrx_word' id='word_1_194' title='bbox 880 1441 1164 1490; x_wconf 88' lang='lat' dir='ltr'>Germaniam,</span> <span class='ocrx_word' id='word_1_195' title='bbox 1190 1451 1311 1495; x_wconf 88' lang='lat' dir='ltr'>quam</span> <span class='ocrx_word' id='word_1_196' title='bbox 1334 1437 1456 1490; x_wconf 85' lang='lat' dir='ltr'>longa</span> <span class='ocrx_word' id='word_1_197' title='bbox 1474 1436 1549 1488; x_wconf 85' lang='lat' dir='ltr'>est,</span> <span class='ocrx_word' id='word_1_198' title='bbox 1574 1436 1637 1478; x_wconf 93' lang='lat' dir='ltr'>sed</span> <span class='ocrx_word' id='word_1_199' title='bbox 1662 1449 1700 1479; x_wconf 89' lang='lat' dir='ltr'>et</span> <span class='ocrx_word' id='word_1_200' title='bbox 1722 1452 1793 1494; x_wconf 91' lang='lat' dir='ltr'>per</span> <span class='ocrx_word' id='word_1_201' title='bbox 1808 1437 1884 1480; x_wconf 86' lang='lat' dir='ltr'>alia</span> <span class='ocrx_word' id='word_1_202' title='bbox 1903 1451 2095 1482; x_wconf 86' lang='lat' dir='ltr'>terrarum</span> <span class='ocrx_word' id='word_1_203' title='bbox 2114 1437 2224 1485; x_wconf 79' lang='lat' dir='ltr'>orbis</span> 
     </span>
     <span class='ocr_line' id='line_1_19' title="bbox 159 1497 2223 1558; baseline 0.003 -16"><span class='ocrx_word' id='word_1_204' title='bbox 159 1513 297 1555; x_wconf 84' lang='lat' dir='ltr'>regna.</span> <span class='ocrx_word' id='word_1_205' title='bbox 347 1503 472 1544; x_wconf 90' lang='lat' dir='ltr'>Porro</span> <span class='ocrx_word' id='word_1_206' title='bbox 504 1504 588 1543; x_wconf 89' lang='lat' dir='ltr'>eius</span> <span class='ocrx_word' id='word_1_207' title='bbox 619 1505 797 1543; x_wconf 88' lang='lat' dir='ltr'>vnicum·</span> <span class='ocrx_word' id='word_1_208' title='bbox 815 1499 1026 1552; x_wconf 86' lang='lat' dir='ltr'>delicium,</span> <span class='ocrx_word' id='word_1_209' title='bbox 1056 1512 1175 1558; x_wconf 83' lang='lat' dir='ltr'>atque</span> <span class='ocrx_word' id='word_1_210' title='bbox 1195 1499 1377 1556; x_wconf 86' lang='lat' dir='ltr'>voluptas</span> <span class='ocrx_word' id='word_1_211' title='bbox 1397 1497 1493 1550; x_wconf 92' lang='lat' dir='ltr'>fuit,</span> <span class='ocrx_word' id='word_1_212' title='bbox 1520 1510 1665 1540; x_wconf 88' lang='lat' dir='ltr'>ornare</span> <span class='ocrx_word' id='word_1_213' title='bbox 1693 1499 1864 1551; x_wconf 76' lang='lat' dir='ltr'>litteraS,</span> <span class='ocrx_word' id='word_1_214' title='bbox 1892 1501 2021 1543; x_wconf 78' lang='lat' dir='ltr'>Musas</span> <span class='ocrx_word' id='word_1_215' title='bbox 2038 1506 2083 1544; x_wconf 91' lang='lat' dir='ltr'>in</span> <span class='ocrx_word' id='word_1_216' title='bbox 2100 1503 2223 1548; x_wconf 89' lang='lat' dir='ltr'>fidem</span> 
     </span>
     <span class='ocr_line' id='line_1_20' title="bbox 160 1562 2225 1620; baseline 0.002 -12"><span class='ocrx_word' id='word_1_217' title='bbox 160 1568 358 1620; x_wconf 86' lang='lat' dir='ltr'>recipere,</span> <span class='ocrx_word' id='word_1_218' title='bbox 387 1576 567 1620; x_wconf 88' lang='lat' dir='ltr'>receptas</span> <span class='ocrx_word' id='word_1_219' title='bbox 595 1575 727 1607; x_wconf 86' lang='lat' dir='ltr'>autem</span> <span class='ocrx_word' id='word_1_220' title='bbox 747 1564 906 1616; x_wconf 90' lang='lat' dir='ltr'>fouere,</span> <span class='ocrx_word' id='word_1_221' title='bbox 934 1576 972 1606; x_wconf 87' lang='lat' dir='ltr'>et</span> <span class='ocrx_word' id='word_1_222' title='bbox 991 1564 1182 1607; x_wconf 87' lang='lat' dir='ltr'>constanti</span> <span class='ocrx_word' id='word_1_223' title='bbox 1204 1567 1306 1606; x_wconf 88' lang='lat' dir='ltr'>tueri</span> <span class='ocrx_word' id='word_1_224' title='bbox 1332 1565 1571 1618; x_wconf 88' lang='lat' dir='ltr'>patrocinio.</span> <span class='ocrx_word' id='word_1_225' title='bbox 1621 1562 1823 1619; x_wconf 89' lang='lat' dir='ltr'>Loquitur</span> <span class='ocrx_word' id='word_1_226' title='bbox 1848 1564 1891 1606; x_wconf 90' lang='lat' dir='ltr'>id</span> <span class='ocrx_word' id='word_1_227' title='bbox 1917 1564 2155 1611; x_wconf 88' lang='lat' dir='ltr'>bibliotheca</span> <span class='ocrx_word' id='word_1_228' title='bbox 2177 1571 2225 1612; x_wconf 91' lang='lat' dir='ltr'>li-</span> 
     </span>
     <span class='ocr_line' id='line_1_21' title="bbox 159 1623 2225 1684; baseline 0.003 -14"><span class='ocrx_word' id='word_1_229' title='bbox 159 1626 266 1680; x_wconf 83' lang='lat' dir='ltr'>bris,</span> <span class='ocrx_word' id='word_1_230' title='bbox 294 1641 439 1683; x_wconf 86' lang='lat' dir='ltr'>magna</span> <span class='ocrx_word' id='word_1_231' title='bbox 455 1627 683 1683; x_wconf 84' lang='lat' dir='ltr'>diligentia,</span> <span class='ocrx_word' id='word_1_232' title='bbox 708 1631 917 1684; x_wconf 89' lang='lat' dir='ltr'>pretioque</span> <span class='ocrx_word' id='word_1_233' title='bbox 936 1629 1188 1684; x_wconf 78' lang='lat' dir='ltr'>conquisitis,</span> <span class='ocrx_word' id='word_1_234' title='bbox 1217 1625 1530 1677; x_wconf 73' lang='lat' dir='ltr'>instruffiffima‚</span> <span class='ocrx_word' id='word_1_235' title='bbox 1548 1623 1644 1666; x_wconf 90' lang='lat' dir='ltr'>illud</span> <span class='ocrx_word' id='word_1_236' title='bbox 1663 1626 1863 1682; x_wconf 86' lang='lat' dir='ltr'>Apollinis</span> <span class='ocrx_word' id='word_1_237' title='bbox 1884 1631 2138 1684; x_wconf 82' lang='lat' dir='ltr'>miraculum3</span> <span class='ocrx_word' id='word_1_238' title='bbox 2165 1634 2225 1676; x_wconf 51' lang='lat' dir='ltr'>lom</span> 
     </span>
     <span class='ocr_line' id='line_1_22' title="bbox 161 1687 2224 1752; baseline 0.002 -18"><span class='ocrx_word' id='word_1_239' title='bbox 161 1695 296 1748; x_wconf 89' lang='lat' dir='ltr'>quitur</span> <span class='ocrx_word' id='word_1_240' title='bbox 313 1690 593 1734; x_wconf 89' lang='lat' dir='ltr'>numismatum</span> <span class='ocrx_word' id='word_1_241' title='bbox 611 1694 883 1747; x_wconf 86' lang='lat' dir='ltr'>antiquorum,</span> <span class='ocrx_word' id='word_1_242' title='bbox 901 1701 938 1732; x_wconf 92' lang='lat' dir='ltr'>et</span> <span class='ocrx_word' id='word_1_243' title='bbox 953 1695 1218 1734; x_wconf 87' lang='lat' dir='ltr'>recentiorum</span> <span class='ocrx_word' id='word_1_244' title='bbox 1237 1689 1537 1734; x_wconf 89' lang='lat' dir='ltr'>inaestimabilis</span> <span class='ocrx_word' id='word_1_245' title='bbox 1556 1687 1754 1733; x_wconf 87' lang='lat' dir='ltr'>thesaurus</span> <span class='ocrx_word' id='word_1_246' title='bbox 1764 1705 1776 1741; x_wconf 82' lang='lat'><em>3</em></span> <span class='ocrx_word' id='word_1_247' title='bbox 1800 1690 1975 1746; x_wconf 88' lang='lat' dir='ltr'>loquitur</span> <span class='ocrx_word' id='word_1_248' title='bbox 1984 1708 2116 1737; x_wconf 89' lang='lat' dir='ltr'>rerum</span> <span class='ocrx_word' id='word_1_249' title='bbox 2134 1709 2224 1752; x_wconf 86' lang='lat' dir='ltr'>pre-</span> 
     </span>
     <span class='ocr_line' id='line_1_23' title="bbox 160 1753 2226 1818; baseline 0 -20"><span class='ocrx_word' id='word_1_250' title='bbox 160 1757 367 1807; x_wconf 89' lang='lat' dir='ltr'>tiosarum,</span> <span class='ocrx_word' id='word_1_251' title='bbox 392 1756 454 1798; x_wconf 90' lang='lat' dir='ltr'>vel</span> <span class='ocrx_word' id='word_1_252' title='bbox 479 1767 617 1798; x_wconf 87' lang='lat' dir='ltr'>natura</span> <span class='ocrx_word' id='word_1_253' title='bbox 640 1759 902 1808; x_wconf 82' lang='lat' dir='ltr'>eximiarum,</span> <span class='ocrx_word' id='word_1_254' title='bbox 928 1757 990 1798; x_wconf 92' lang='lat' dir='ltr'>vel</span> <span class='ocrx_word' id='word_1_255' title='bbox 1008 1757 1197 1811; x_wconf 75' lang='lat' dir='ltr'>singulari</span> <span class='ocrx_word' id='word_1_256' title='bbox 1222 1770 1367 1813; x_wconf 87' lang='lat' dir='ltr'>opere,</span> <span class='ocrx_word' id='word_1_257' title='bbox 1387 1754 1632 1809; x_wconf 86' lang='lat' dir='ltr'>artificioque</span> <span class='ocrx_word' id='word_1_258' title='bbox 1651 1753 1918 1810; x_wconf 53' lang='lat' dir='ltr'>perfectarum</span> <span class='ocrx_word' id='word_1_259' title='bbox 1938 1761 2084 1813; x_wconf 86' lang='lat' dir='ltr'>ingens</span> <span class='ocrx_word' id='word_1_260' title='bbox 2103 1762 2226 1818; x_wconf 87' lang='lat' dir='ltr'>adpa..</span> 
     </span>
     <span class='ocr_line' id='line_1_24' title="bbox 161 1814 2225 1873; baseline 0.002 -19"><span class='ocrx_word' id='word_1_261' title='bbox 161 1825 291 1855; x_wconf 88' lang='lat' dir='ltr'>ratus:</span> <span class='ocrx_word' id='word_1_262' title='bbox 348 1825 520 1868; x_wconf 77' lang='lat' dir='ltr'>quorum</span> <span class='ocrx_word' id='word_1_263' title='bbox 539 1814 722 1870; x_wconf 89' lang='lat' dir='ltr'>splendor</span> <span class='ocrx_word' id='word_1_264' title='bbox 739 1819 946 1867; x_wconf 89' lang='lat' dir='ltr'>omnium,</span> <span class='ocrx_word' id='word_1_265' title='bbox 970 1818 1040 1873; x_wconf 91' lang='lat' dir='ltr'>qui</span> <span class='ocrx_word' id='word_1_266' title='bbox 1060 1817 1259 1869; x_wconf 89' lang='lat' dir='ltr'>Gotham,</span> <span class='ocrx_word' id='word_1_267' title='bbox 1285 1817 1391 1859; x_wconf 86' lang='lat' dir='ltr'>illam</span> <span class='ocrx_word' id='word_1_268' title='bbox 1408 1828 1651 1870; x_wconf 88' lang='lat' dir='ltr'>magnorum</span> <span class='ocrx_word' id='word_1_269' title='bbox 1675 1818 1907 1873; x_wconf 89' lang='lat' dir='ltr'>principum</span> <span class='ocrx_word' id='word_1_270' title='bbox 1935 1818 2085 1873; x_wconf 89' lang='lat' dir='ltr'>sedem,</span> <span class='ocrx_word' id='word_1_271' title='bbox 2111 1828 2225 1866; x_wconf 67' lang='lat' dir='ltr'>veni⁴</span> 
     </span>
     <span class='ocr_line' id='line_1_25' title="bbox 159 1880 2225 1939; baseline 0.006 -18"><span class='ocrx_word' id='word_1_272' title='bbox 159 1891 251 1932; x_wconf 86' lang='lat' dir='ltr'>unt,</span> <span class='ocrx_word' id='word_1_273' title='bbox 280 1882 324 1920; x_wconf 90' lang='lat' dir='ltr'>in</span> <span class='ocrx_word' id='word_1_274' title='bbox 342 1880 380 1920; x_wconf 91' lang='lat' dir='ltr'>se</span> <span class='ocrx_word' id='word_1_275' title='bbox 397 1884 596 1922; x_wconf 90' lang='lat' dir='ltr'>conuertit</span> <span class='ocrx_word' id='word_1_276' title='bbox 614 1881 771 1924; x_wconf 85' lang='lat' dir='ltr'>oculos:</span> <span class='ocrx_word' id='word_1_277' title='bbox 822 1884 997 1939; x_wconf 91' lang='lat' dir='ltr'>loquitur</span> <span class='ocrx_word' id='word_1_278' title='bbox 1011 1883 1053 1926; x_wconf 92' lang='lat' dir='ltr'>id</span> <span class='ocrx_word' id='word_1_279' title='bbox 1071 1886 1274 1930; x_wconf 89' lang='lat' dir='ltr'>academia</span> <span class='ocrx_word' id='word_1_280' title='bbox 1293 1884 1446 1935; x_wconf 89' lang='lat' dir='ltr'>nostra,</span> <span class='ocrx_word' id='word_1_281' title='bbox 1474 1883 1554 1926; x_wconf 89' lang='lat' dir='ltr'>hoc</span> <span class='ocrx_word' id='word_1_282' title='bbox 1572 1884 1788 1938; x_wconf 82' lang='lat' dir='ltr'>sapientiae</span> <span class='ocrx_word' id='word_1_283' title='bbox 1804 1883 2056 1929; x_wconf 87' lang='lat' dir='ltr'>domicilium</span> <span class='ocrx_word' id='word_1_284' title='bbox 2073 1918 2085 1939; x_wconf 92' lang='lat'>,</span> <span class='ocrx_word' id='word_1_285' title='bbox 2112 1894 2225 1935; x_wconf 84' lang='lat' dir='ltr'>cuius</span> 
     </span>
     <span class='ocr_line' id='line_1_26' title="bbox 158 1943 2227 2006; baseline 0.005 -19"><span class='ocrx_word' id='word_1_286' title='bbox 158 1956 272 2002; x_wconf 88' lang='lat' dir='ltr'>pater</span> <span class='ocrx_word' id='word_1_287' title='bbox 289 1943 382 1995; x_wconf 90' lang='lat' dir='ltr'>fuit,</span> <span class='ocrx_word' id='word_1_288' title='bbox 413 1954 452 1985; x_wconf 91' lang='lat' dir='ltr'>et</span> <span class='ocrx_word' id='word_1_289' title='bbox 470 1946 718 1988; x_wconf 88' lang='lat' dir='ltr'>conseruator</span> <span class='ocrx_word' id='word_1_290' title='bbox 734 1947 1142 2002; x_wconf 88' lang='lat' dir='ltr'>munificentiffimus,</span> <span class='ocrx_word' id='word_1_291' title='bbox 1170 1961 1209 1992; x_wconf 90' lang='lat' dir='ltr'>et</span> <span class='ocrx_word' id='word_1_292' title='bbox 1228 1949 1546 2005; x_wconf 84' lang='lat' dir='ltr'>gloriofiffimum</span> <span class='ocrx_word' id='word_1_293' title='bbox 1564 1944 1738 2002; x_wconf 83' lang='lat' dir='ltr'>nomen,</span> <span class='ocrx_word' id='word_1_294' title='bbox 1773 1956 1894 2006; x_wconf 89' lang='lat' dir='ltr'>atque</span> <span class='ocrx_word' id='word_1_295' title='bbox 1906 1954 2146 1997; x_wconf 87' lang='lat' dir='ltr'>immortalia</span> <span class='ocrx_word' id='word_1_296' title='bbox 2161 1959 2227 1998; x_wconf 82' lang='lat' dir='ltr'>in·-</span> 
     </span>
     <span class='ocr_line' id='line_1_27' title="bbox 157 2006 2226 2068; baseline -0.001 -11"><span class='ocrx_word' id='word_1_297' title='bbox 157 2015 316 2057; x_wconf 84' lang='lat' dir='ltr'>ufitatae</span> <span class='ocrx_word' id='word_1_298' title='bbox 332 2012 505 2060; x_wconf 89' lang='lat' dir='ltr'>virtutis,</span> <span class='ocrx_word' id='word_1_299' title='bbox 529 2023 574 2052; x_wconf 88' lang='lat' dir='ltr'>ac</span> <span class='ocrx_word' id='word_1_300' title='bbox 594 2007 747 2062; x_wconf 88' lang='lat' dir='ltr'>gloriae</span> <span class='ocrx_word' id='word_1_301' title='bbox 768 2011 969 2065; x_wconf 87' lang='lat' dir='ltr'>Principis</span> <span class='ocrx_word' id='word_1_302' title='bbox 989 2011 1113 2053; x_wconf 91' lang='lat' dir='ltr'>nostri</span> <span class='ocrx_word' id='word_1_303' title='bbox 1131 2014 1271 2053; x_wconf 87' lang='lat' dir='ltr'>merita</span> <span class='ocrx_word' id='word_1_304' title='bbox 1289 2011 1499 2056; x_wconf 81' lang='lat' dir='ltr'>omnibus,</span> <span class='ocrx_word' id='word_1_305' title='bbox 1524 2014 1594 2068; x_wconf 88' lang='lat' dir='ltr'>qui</span> <span class='ocrx_word' id='word_1_306' title='bbox 1612 2014 1770 2055; x_wconf 90' lang='lat' dir='ltr'>venturi</span> <span class='ocrx_word' id='word_1_307' title='bbox 1785 2006 1890 2062; x_wconf 82' lang='lat' dir='ltr'>sunt,</span> <span class='ocrx_word' id='word_1_308' title='bbox 1908 2014 2075 2068; x_wconf 86' lang='lat' dir='ltr'>posteris</span> <span class='ocrx_word' id='word_1_309' title='bbox 2094 2017 2226 2060; x_wconf 90' lang='lat' dir='ltr'>osten-</span> 
     </span>
     <span class='ocr_line' id='line_1_28' title="bbox 157 2075 2226 2138; baseline 0 -17"><span class='ocrx_word' id='word_1_310' title='bbox 157 2077 262 2121; x_wconf 85' lang='lat' dir='ltr'>tabit.</span> <span class='ocrx_word' id='word_1_311' title='bbox 321 2078 525 2126; x_wconf 86' lang='lat' dir='ltr'>Tantum,</span> <span class='ocrx_word' id='word_1_312' title='bbox 551 2075 695 2126; x_wconf 90' lang='lat' dir='ltr'>Ciues,</span> <span class='ocrx_word' id='word_1_313' title='bbox 722 2075 890 2118; x_wconf 88' lang='lat' dir='ltr'>heroem</span> <span class='ocrx_word' id='word_1_314' title='bbox 915 2077 1138 2120; x_wconf 88' lang='lat' dir='ltr'>amifimus!</span> <span class='ocrx_word' id='word_1_315' title='bbox 1167 2078 1327 2121; x_wconf 87' lang='lat' dir='ltr'>DEVM</span> <span class='ocrx_word' id='word_1_316' title='bbox 1350 2077 1642 2121; x_wconf 86' lang='lat' dir='ltr'>immortalem!</span> <span class='ocrx_word' id='word_1_317' title='bbox 1670 2092 1790 2136; x_wconf 88' lang='lat' dir='ltr'>quam</span> <span class='ocrx_word' id='word_1_318' title='bbox 1812 2076 1935 2138; x_wconf 8' lang='lat' dir='ltr'>triste»,</span> <span class='ocrx_word' id='word_1_319' title='bbox 1960 2093 2078 2135; x_wconf 87' lang='lat' dir='ltr'>quam</span> <span class='ocrx_word' id='word_1_320' title='bbox 2101 2082 2226 2129; x_wconf 61' lang='lat' dir='ltr'>luci-u-</span> 
     </span>
     <span class='ocr_line' id='line_1_29' title="bbox 156 2141 2226 2197; baseline 0.003 -11"><span class='ocrx_word' id='word_1_321' title='bbox 156 2144 272 2186; x_wconf 90' lang='lat' dir='ltr'>osum</span> <span class='ocrx_word' id='word_1_322' title='bbox 298 2142 372 2193; x_wconf 90' lang='lat' dir='ltr'>est,</span> <span class='ocrx_word' id='word_1_323' title='bbox 396 2141 575 2197; x_wconf 87' lang='lat' dir='ltr'>suprema</span> <span class='ocrx_word' id='word_1_324' title='bbox 594 2141 815 2196; x_wconf 89' lang='lat' dir='ltr'>persoluere</span> <span class='ocrx_word' id='word_1_325' title='bbox 834 2141 1126 2187; x_wconf 87' lang='lat' dir='ltr'>demiffiffimae</span> <span class='ocrx_word' id='word_1_326' title='bbox 1148 2146 1307 2187; x_wconf 59' lang='lat' dir='ltr'>mentis*</span> <span class='ocrx_word' id='word_1_327' title='bbox 1325 2142 1457 2187; x_wconf 85' lang='lat' dir='ltr'>officia</span> <span class='ocrx_word' id='word_1_328' title='bbox 1479 2147 1518 2186; x_wconf 93' lang='lat' dir='ltr'>ei</span> <span class='ocrx_word' id='word_1_329' title='bbox 1532 2175 1545 2196; x_wconf 91' lang='lat'>,</span> <span class='ocrx_word' id='word_1_330' title='bbox 1569 2143 1637 2186; x_wconf 93' lang='lat' dir='ltr'>sub</span> <span class='ocrx_word' id='word_1_331' title='bbox 1660 2147 1774 2187; x_wconf 86' lang='lat' dir='ltr'>euius</span> <span class='ocrx_word' id='word_1_332' title='bbox 1800 2144 1918 2187; x_wconf 90' lang='lat' dir='ltr'>tutela</span> <span class='ocrx_word' id='word_1_333' title='bbox 1943 2144 2022 2188; x_wconf 90' lang='lat' dir='ltr'>hoc</span> <span class='ocrx_word' id='word_1_334' title='bbox 2046 2149 2226 2196; x_wconf 87' lang='lat' dir='ltr'>nostrum</span> 
     </span>
     <span class='ocr_line' id='line_1_30' title="bbox 157 2207 2226 2273; baseline 0.003 -19"><span class='ocrx_word' id='word_1_335' title='bbox 157 2210 399 2255; x_wconf 86' lang='lat' dir='ltr'>athenaeum</span> <span class='ocrx_word' id='word_1_336' title='bbox 419 2207 564 2251; x_wconf 89' lang='lat' dir='ltr'>florem</span> <span class='ocrx_word' id='word_1_337' title='bbox 582 2209 692 2251; x_wconf 90' lang='lat' dir='ltr'>suum</span> <span class='ocrx_word' id='word_1_338' title='bbox 711 2207 844 2250; x_wconf 88' lang='lat' dir='ltr'>adhuc</span> <span class='ocrx_word' id='word_1_339' title='bbox 858 2211 1030 2250; x_wconf 88' lang='lat' dir='ltr'>retinuit.</span> <span class='ocrx_word' id='word_1_340' title='bbox 1084 2212 1132 2252; x_wconf 93' lang='lat' dir='ltr'>In</span> <span class='ocrx_word' id='word_1_341' title='bbox 1151 2220 1257 2252; x_wconf 88' lang='lat' dir='ltr'>tanta</span> <span class='ocrx_word' id='word_1_342' title='bbox 1276 2209 1547 2264; x_wconf 88' lang='lat' dir='ltr'>aegritudine,</span> <span class='ocrx_word' id='word_1_343' title='bbox 1566 2224 1669 2266; x_wconf 91' lang='lat' dir='ltr'>quae</span> <span class='ocrx_word' id='word_1_344' title='bbox 1685 2214 1845 2253; x_wconf 87' lang='lat' dir='ltr'>animos</span> <span class='ocrx_word' id='word_1_345' title='bbox 1866 2212 2021 2254; x_wconf 86' lang='lat' dir='ltr'>nostros</span> <span class='ocrx_word' id='word_1_346' title='bbox 2042 2214 2226 2273; x_wconf 86' lang='lat' dir='ltr'>confecit,</span> 
     </span>
     <span class='ocr_line' id='line_1_31' title="bbox 157 2272 2226 2331; baseline 0.003 -13"><span class='ocrx_word' id='word_1_347' title='bbox 157 2279 324 2319; x_wconf 85' lang='lat' dir='ltr'>vnicum</span> <span class='ocrx_word' id='word_1_348' title='bbox 352 2272 472 2315; x_wconf 84' lang='lat' dir='ltr'>nobis</span> <span class='ocrx_word' id='word_1_349' title='bbox 501 2272 682 2316; x_wconf 91' lang='lat' dir='ltr'>solatium</span> <span class='ocrx_word' id='word_1_350' title='bbox 710 2274 786 2317; x_wconf 82' lang='lat' dir='ltr'>est,</span> <span class='ocrx_word' id='word_1_351' title='bbox 814 2272 924 2328; x_wconf 92' lang='lat' dir='ltr'>quod</span> <span class='ocrx_word' id='word_1_352' title='bbox 945 2272 1189 2317; x_wconf 85' lang='lat' dir='ltr'>beatiffimus</span> <span class='ocrx_word' id='word_1_353' title='bbox 1213 2276 1406 2329; x_wconf 89' lang='lat' dir='ltr'>Princeps</span> <span class='ocrx_word' id='word_1_354' title='bbox 1431 2289 1582 2317; x_wconf 91' lang='lat' dir='ltr'>corona</span> <span class='ocrx_word' id='word_1_355' title='bbox 1610 2283 1794 2319; x_wconf 85' lang='lat' dir='ltr'>aeternae</span> <span class='ocrx_word' id='word_1_356' title='bbox 1818 2278 1968 2331; x_wconf 87' lang='lat' dir='ltr'>gloriae</span> <span class='ocrx_word' id='word_1_357' title='bbox 1995 2292 2156 2325; x_wconf 90' lang='lat' dir='ltr'>ornatus</span> <span class='ocrx_word' id='word_1_358' title='bbox 2181 2289 2226 2330; x_wconf 85' lang='lat' dir='ltr'>in</span> 
     </span>
     <span class='ocr_line' id='line_1_32' title="bbox 157 2335 2225 2396; baseline 0.004 -13"><span class='ocrx_word' id='word_1_359' title='bbox 157 2340 350 2384; x_wconf 89' lang='lat' dir='ltr'>coelitum</span> <span class='ocrx_word' id='word_1_360' title='bbox 367 2335 567 2391; x_wconf 89' lang='lat' dir='ltr'>splendeat</span> <span class='ocrx_word' id='word_1_361' title='bbox 585 2339 785 2388; x_wconf 88' lang='lat' dir='ltr'>societate,</span> <span class='ocrx_word' id='word_1_362' title='bbox 809 2336 927 2378; x_wconf 85' lang='lat' dir='ltr'>malis</span> <span class='ocrx_word' id='word_1_363' title='bbox 952 2337 1163 2388; x_wconf 89' lang='lat' dir='ltr'>omnibus,</span> <span class='ocrx_word' id='word_1_364' title='bbox 1187 2337 1331 2393; x_wconf 90' lang='lat' dir='ltr'>quibus</span> <span class='ocrx_word' id='word_1_365' title='bbox 1347 2339 1480 2380; x_wconf 90' lang='lat' dir='ltr'>miseri</span> <span class='ocrx_word' id='word_1_366' title='bbox 1497 2342 1542 2380; x_wconf 90' lang='lat' dir='ltr'>in</span> <span class='ocrx_word' id='word_1_367' title='bbox 1562 2339 1626 2380; x_wconf 91' lang='lat' dir='ltr'>his</span> <span class='ocrx_word' id='word_1_368' title='bbox 1647 2350 1876 2396; x_wconf 90' lang='lat' dir='ltr'>temporum</span> <span class='ocrx_word' id='word_1_369' title='bbox 1893 2341 2080 2386; x_wconf 55' lang='lat' dir='ltr'>fluctibus</span> <span class='ocrx_word' id='word_1_370' title='bbox 2104 2348 2225 2392; x_wconf 60' lang='lat' dir='ltr'>iaeta-</span> 
     </span>
     <span class='ocr_line' id='line_1_33' title="bbox 158 2400 2225 2468; baseline 0.003 -22"><span class='ocrx_word' id='word_1_371' title='bbox 158 2417 270 2454; x_wconf 86' lang='lat' dir='ltr'>mur,</span> <span class='ocrx_word' id='word_1_372' title='bbox 302 2400 535 2452; x_wconf 66' lang='lat' dir='ltr'>defunstus3</span> <span class='ocrx_word' id='word_1_373' title='bbox 589 2403 778 2460; x_wconf 91' lang='lat' dir='ltr'>quodque</span> <span class='ocrx_word' id='word_1_374' title='bbox 804 2416 856 2444; x_wconf 84' lang='lat' dir='ltr'>ex</span> <span class='ocrx_word' id='word_1_375' title='bbox 878 2403 934 2454; x_wconf 90' lang='lat' dir='ltr'>se,</span> <span class='ocrx_word' id='word_1_376' title='bbox 964 2403 1108 2459; x_wconf 91' lang='lat' dir='ltr'>suaque</span> <span class='ocrx_word' id='word_1_377' title='bbox 1133 2415 1471 2445; x_wconf 77' lang='lat' dir='ltr'><strong>MAGDALENA</strong></span> <span class='ocrx_word' id='word_1_378' title='bbox 1505 2415 1766 2455; x_wconf 75' lang='lat' dir='ltr'>AvevsTA,</span> <span class='ocrx_word' id='word_1_379' title='bbox 1803 2405 2064 2460; x_wconf 84' lang='lat' dir='ltr'>sereniffima,</span> <span class='ocrx_word' id='word_1_380' title='bbox 2099 2414 2225 2468; x_wconf 82' lang='lat' dir='ltr'>inque</span> 
     </span>
     <span class='ocr_line' id='line_1_34' title="bbox 156 2466 2226 2530; baseline 0.002 -17"><span class='ocrx_word' id='word_1_381' title='bbox 156 2468 312 2514; x_wconf 72' lang='lat' dir='ltr'>cunffis</span> <span class='ocrx_word' id='word_1_382' title='bbox 338 2466 549 2509; x_wconf 84' lang='lat' dir='ltr'>virtutibus</span> <span class='ocrx_word' id='word_1_383' title='bbox 568 2468 773 2525; x_wconf 89' lang='lat' dir='ltr'>Principe,</span> <span class='ocrx_word' id='word_1_384' title='bbox 800 2482 852 2511; x_wconf 82' lang='lat' dir='ltr'>ex</span> <span class='ocrx_word' id='word_1_385' title='bbox 870 2468 1069 2512; x_wconf 84' lang='lat' dir='ltr'>celfiffima</span> <span class='ocrx_word' id='word_1_386' title='bbox 1092 2467 1307 2510; x_wconf 87' lang='lat' dir='ltr'>Anhaltina</span> <span class='ocrx_word' id='word_1_387' title='bbox 1335 2467 1460 2510; x_wconf 91' lang='lat' dir='ltr'>domo</span> <span class='ocrx_word' id='word_1_388' title='bbox 1485 2469 1675 2519; x_wconf 87' lang='lat' dir='ltr'>oriunda,</span> <span class='ocrx_word' id='word_1_389' title='bbox 1708 2482 1929 2525; x_wconf 86' lang='lat' dir='ltr'>prognatos</span> <span class='ocrx_word' id='word_1_390' title='bbox 1955 2475 2160 2530; x_wconf 87' lang='lat' dir='ltr'>principes</span> <span class='ocrx_word' id='word_1_391' title='bbox 2178 2477 2226 2521; x_wconf 61' lang='lat' dir='ltr'>fi⁴</span> 
     </span>
     <span class='ocr_line' id='line_1_35' title="bbox 159 2533 2225 2591; baseline 0 -12"><span class='ocrx_word' id='word_1_392' title='bbox 159 2536 261 2587; x_wconf 86' lang='lat' dir='ltr'>lios,</span> <span class='ocrx_word' id='word_1_393' title='bbox 285 2543 648 2584; x_wconf 77' lang='lat' dir='ltr'>FRIDERICVM,</span> <span class='ocrx_word' id='word_1_394' title='bbox 673 2536 718 2574; x_wconf 92' lang='lat' dir='ltr'>in</span> <span class='ocrx_word' id='word_1_395' title='bbox 741 2535 967 2589; x_wconf 89' lang='lat' dir='ltr'>principatu</span> <span class='ocrx_word' id='word_1_396' title='bbox 993 2535 1270 2583; x_wconf 84' lang='lat' dir='ltr'>succefforem,</span> <span class='ocrx_word' id='word_1_397' title='bbox 1295 2537 1445 2584; x_wconf 88' lang='lat' dir='ltr'>auitae,</span> <span class='ocrx_word' id='word_1_398' title='bbox 1472 2536 1699 2589; x_wconf 89' lang='lat' dir='ltr'>patriaeque</span> <span class='ocrx_word' id='word_1_399' title='bbox 1713 2533 1843 2591; x_wconf 88' lang='lat' dir='ltr'>laudis</span> <span class='ocrx_word' id='word_1_400' title='bbox 1862 2537 2083 2590; x_wconf 88' lang='lat' dir='ltr'>aemulum,</span> <span class='ocrx_word' id='word_1_401' title='bbox 2107 2554 2225 2587; x_wconf 66' lang='grc' dir='ltr'>ψη-</span> 
     </span>
     <span class='ocr_line' id='line_1_36' title="bbox 160 2607 2225 2649; baseline 0.001 -7"><span class='ocrx_word' id='word_1_402' title='bbox 160 2610 408 2649; x_wconf 75' lang='lat' dir='ltr'>RELMVM,</span> <span class='ocrx_word' id='word_1_403' title='bbox 440 2608 735 2640; x_wconf 75' lang='lat' dir='ltr'>IOHANNEM</span> <span class='ocrx_word' id='word_1_404' title='bbox 769 2607 1072 2646; x_wconf 74' lang='lat' dir='ltr'>Avovsrvm,</span> <span class='ocrx_word' id='word_1_405' title='bbox 1112 2607 1493 2638; x_wconf 79' lang='lat' dir='ltr'>CHRISTIANVM</span> <span class='ocrx_word' id='word_1_406' title='bbox 1527 2608 1851 2639; x_wconf 81' lang='lat' dir='ltr'>WILHELMVM</span> <span class='ocrx_word' id='word_1_407' title='bbox 1867 2628 1878 2648; x_wconf 90' lang='lat'>‚</span> <span class='ocrx_word' id='word_1_408' title='bbox 1913 2612 2225 2648; x_wconf 76' lang='lat' dir='ltr'>LvnovtcvM</span> 
     </span>
     <span class='ocr_line' id='line_1_37' title="bbox 158 2659 2225 2720; baseline 0 -11"><span class='ocrx_word' id='word_1_409' title='bbox 158 2675 466 2713; x_wconf 65' lang='lat' dir='ltr'>ERNESTVM,</span> <span class='ocrx_word' id='word_1_410' title='bbox 508 2673 822 2704; x_wconf 84' lang='lat' dir='ltr'>MAVRITIVM</span> <span class='ocrx_word' id='word_1_411' title='bbox 838 2692 851 2712; x_wconf 92' lang='lat'>,</span> <span class='ocrx_word' id='word_1_412' title='bbox 878 2659 1022 2703; x_wconf 86' lang='lat' dir='ltr'>heroes</span> <span class='ocrx_word' id='word_1_413' title='bbox 1047 2665 1354 2717; x_wconf 59' lang='lat' dir='ltr'>magnanimos„</span> <span class='ocrx_word' id='word_1_414' title='bbox 1379 2674 1426 2703; x_wconf 92' lang='lat' dir='ltr'>ac</span> <span class='ocrx_word' id='word_1_415' title='bbox 1443 2659 1588 2714; x_wconf 87' lang='lat' dir='ltr'>fortes,</span> <span class='ocrx_word' id='word_1_416' title='bbox 1616 2664 1661 2703; x_wconf 91' lang='lat' dir='ltr'>in</span> <span class='ocrx_word' id='word_1_417' title='bbox 1686 2663 1944 2716; x_wconf 76' lang='lat' dir='ltr'>augustissimi</span> <span class='ocrx_word' id='word_1_418' title='bbox 1969 2667 2225 2720; x_wconf 85' lang='lat' dir='ltr'>imperatoris</span> 
     </span>
     <span class='ocr_line' id='line_1_38' title="bbox 159 2725 2223 2782; baseline 0 -7"><span class='ocrx_word' id='word_1_419' title='bbox 159 2731 357 2778; x_wconf 88' lang='lat' dir='ltr'>Romani,</span> <span class='ocrx_word' id='word_1_420' title='bbox 383 2736 422 2770; x_wconf 93' lang='lat' dir='ltr'>et</span> <span class='ocrx_word' id='word_1_421' title='bbox 438 2725 799 2782; x_wconf 79' lang='lat' dir='ltr'>potentissimorum</span> <span class='ocrx_word' id='word_1_422' title='bbox 817 2725 1028 2778; x_wconf 85' lang='lat' dir='ltr'>Poloniae,</span> <span class='ocrx_word' id='word_1_423' title='bbox 1056 2738 1096 2770; x_wconf 86' lang='lat' dir='ltr'>et</span> <span class='ocrx_word' id='word_1_424' title='bbox 1113 2730 1276 2770; x_wconf 88' lang='lat' dir='ltr'>Sueciae</span> <span class='ocrx_word' id='word_1_425' title='bbox 1301 2740 1444 2781; x_wconf 89' lang='lat' dir='ltr'>regum</span> <span class='ocrx_word' id='word_1_426' title='bbox 1471 2727 1610 2769; x_wconf 89' lang='lat' dir='ltr'>militia</span> <span class='ocrx_word' id='word_1_427' title='bbox 1630 2728 1856 2782; x_wconf 88' lang='lat' dir='ltr'>grauiffima</span> <span class='ocrx_word' id='word_1_428' title='bbox 1881 2729 2112 2772; x_wconf 81' lang='lat' dir='ltr'>sustinentes</span> <span class='ocrx_word' id='word_1_429' title='bbox 2133 2747 2223 2776; x_wconf 89' lang='lat' dir='ltr'>mu-</span> 
     </span>
     <span class='ocr_line' id='line_1_39' title="bbox 158 2793 2223 2851; baseline -0.003 -9"><span class='ocrx_word' id='word_1_430' title='bbox 158 2811 278 2849; x_wconf 86' lang='lat' dir='ltr'>nera,</span> <span class='ocrx_word' id='word_1_431' title='bbox 303 2797 344 2838; x_wconf 91' lang='lat'>&amp;</span> <span class='ocrx_word' id='word_1_432' title='bbox 370 2804 665 2836; x_wconf 83' lang='lat' dir='ltr'>IOHANNEM</span> <span class='ocrx_word' id='word_1_433' title='bbox 690 2805 758 2834; x_wconf 88' lang='lat' dir='ltr'>AD</span> <span class='ocrx_word' id='word_1_434' title='bbox 769 2806 996 2845; x_wconf 79' lang='lat' dir='ltr'>OLPHVM,</span> <span class='ocrx_word' id='word_1_435' title='bbox 1022 2794 1164 2838; x_wconf 75' lang='lat' dir='ltr'>excelsi</span> <span class='ocrx_word' id='word_1_436' title='bbox 1190 2796 1316 2836; x_wconf 88' lang='lat' dir='ltr'>animi</span> <span class='ocrx_word' id='word_1_437' title='bbox 1334 2793 1569 2849; x_wconf 88' lang='lat' dir='ltr'>praestantia</span> <span class='ocrx_word' id='word_1_438' title='bbox 1593 2795 1831 2845; x_wconf 90' lang='lat' dir='ltr'>enitentem,</span> <span class='ocrx_word' id='word_1_439' title='bbox 1857 2808 1933 2837; x_wconf 91' lang='lat' dir='ltr'>nec</span> <span class='ocrx_word' id='word_1_440' title='bbox 1964 2809 2049 2837; x_wconf 91' lang='lat' dir='ltr'>non</span> <span class='ocrx_word' id='word_1_441' title='bbox 2073 2801 2223 2851; x_wconf 73' lang='lat' dir='ltr'>princi-</span> 
     </span>
     <span class='ocr_line' id='line_1_40' title="bbox 159 2859 2224 2920; baseline 0 -14"><span class='ocrx_word' id='word_1_442' title='bbox 159 2876 233 2920; x_wconf 88' lang='lat' dir='ltr'>pes</span> <span class='ocrx_word' id='word_1_443' title='bbox 250 2860 370 2910; x_wconf 84' lang='lat' dir='ltr'>filias,</span> <span class='ocrx_word' id='word_1_444' title='bbox 395 2870 743 2901; x_wconf 79' lang='lat' dir='ltr'>FRIDERICAM</span> <span class='ocrx_word' id='word_1_445' title='bbox 769 2868 809 2900; x_wconf 92' lang='lat' dir='ltr'>et</span> <span class='ocrx_word' id='word_1_446' title='bbox 835 2871 1138 2912; x_wconf 73' lang='lat' dir='ltr'>AvovsTAM,</span> <span class='ocrx_word' id='word_1_447' title='bbox 1165 2859 1375 2911; x_wconf 85' lang='lat' dir='ltr'>omnibus,</span> <span class='ocrx_word' id='word_1_448' title='bbox 1404 2862 1568 2916; x_wconf 88' lang='lat' dir='ltr'>quaein</span> <span class='ocrx_word' id='word_1_449' title='bbox 1586 2861 1765 2914; x_wconf 86' lang='lat' dir='ltr'>personis</span> <span class='ocrx_word' id='word_1_450' title='bbox 1786 2871 1917 2903; x_wconf 88' lang='lat' dir='ltr'>tantae</span> <span class='ocrx_word' id='word_1_451' title='bbox 1935 2862 2140 2916; x_wconf 85' lang='lat' dir='ltr'>dignitatis</span> <span class='ocrx_word' id='word_1_452' title='bbox 2159 2870 2224 2910; x_wconf 68' lang='lat' dir='ltr'>in-</span> 
     </span>
     <span class='ocr_line' id='line_1_41' title="bbox 159 2924 2224 2984; baseline 0.001 -14"><span class='ocrx_word' id='word_1_453' title='bbox 159 2930 288 2984; x_wconf 75' lang='lat' dir='ltr'>signia</span> <span class='ocrx_word' id='word_1_454' title='bbox 306 2925 381 2969; x_wconf 82' lang='lat' dir='ltr'>effe</span> <span class='ocrx_word' id='word_1_455' title='bbox 401 2924 571 2980; x_wconf 80' lang='lat' dir='ltr'>possunt,</span> <span class='ocrx_word' id='word_1_456' title='bbox 594 2934 763 2976; x_wconf 88' lang='lat' dir='ltr'>ornatas,</span> <span class='ocrx_word' id='word_1_457' title='bbox 789 2924 1009 2980; x_wconf 86' lang='lat' dir='ltr'>praemiffis</span> <span class='ocrx_word' id='word_1_458' title='bbox 1027 2925 1077 2968; x_wconf 87' lang='lat' dir='ltr'>ad</span> <span class='ocrx_word' id='word_1_459' title='bbox 1096 2927 1253 2983; x_wconf 88' lang='lat' dir='ltr'>superas</span> <span class='ocrx_word' id='word_1_460' title='bbox 1270 2926 1378 2969; x_wconf 87' lang='lat' dir='ltr'>sedes</span> <span class='ocrx_word' id='word_1_461' title='bbox 1396 2925 1559 2983; x_wconf 89' lang='lat' dir='ltr'>reliquis</span> <span class='ocrx_word' id='word_1_462' title='bbox 1577 2924 1805 2968; x_wconf 87' lang='lat' dir='ltr'>dulciffimis</span> <span class='ocrx_word' id='word_1_463' title='bbox 1822 2924 2120 2972; x_wconf 87' lang='lat' dir='ltr'>foecundiffimi</span> <span class='ocrx_word' id='word_1_464' title='bbox 2138 2946 2224 2976; x_wconf 65' lang='lat' dir='ltr'>ma.</span> 
     </span>
     <span class='ocr_line' id='line_1_42' title="bbox 158 2987 2224 3046; baseline 0.003 -11"><span class='ocrx_word' id='word_1_465' title='bbox 158 2993 349 3041; x_wconf 78' lang='lat' dir='ltr'>trimonii</span> <span class='ocrx_word' id='word_1_466' title='bbox 374 2987 636 3046; x_wconf 88' lang='lat' dir='ltr'>pignoribus,</span> <span class='ocrx_word' id='word_1_467' title='bbox 665 3002 884 3040; x_wconf 83' lang='lat' dir='ltr'>SOPHIA,</span> <span class='ocrx_word' id='word_1_468' title='bbox 914 3003 1115 3035; x_wconf 70' lang='lat' dir='ltr'>cARoro</span> <span class='ocrx_word' id='word_1_469' title='bbox 1149 3006 1460 3044; x_wconf 78' lang='lat' dir='ltr'>FR1DER1co,</span> <span class='ocrx_word' id='word_1_470' title='bbox 1497 3005 1860 3044; x_wconf 83' lang='lat' dir='ltr'>CHRISTIANO,</span> <span class='ocrx_word' id='word_1_471' title='bbox 1894 3007 1967 3035; x_wconf 83' lang='lat' dir='ltr'>EM</span> <span class='ocrx_word' id='word_1_472' title='bbox 1980 3007 2224 3044; x_wconf 72' lang='lat' dir='ltr'>MANVELE</span> 
     </span>
     <span class='ocr_line' id='line_1_43' title="bbox 158 3056 2224 3119; baseline 0 -18"><span class='ocrx_word' id='word_1_473' title='bbox 158 3069 378 3101; x_wconf 69' lang='lat' dir='ltr'>sorum,</span> <span class='ocrx_word' id='word_1_474' title='bbox 409 3067 635 3106; x_wconf 85' lang='lat' dir='ltr'>CAROLO,</span> <span class='ocrx_word' id='word_1_475' title='bbox 672 3064 710 3096; x_wconf 91' lang='lat' dir='ltr'>et</span> <span class='ocrx_word' id='word_1_476' title='bbox 743 3067 1075 3099; x_wconf 81' lang='lat' dir='ltr'>MAGDALENA</span> <span class='ocrx_word' id='word_1_477' title='bbox 1114 3071 1355 3109; x_wconf 85' lang='lat' dir='ltr'>SIBYLLA,</span> <span class='ocrx_word' id='word_1_478' title='bbox 1381 3060 1492 3100; x_wconf 84' lang='lat' dir='ltr'>terris</span> <span class='ocrx_word' id='word_1_479' title='bbox 1518 3058 1615 3108; x_wconf 80' lang='lat' dir='ltr'>suis,</span> <span class='ocrx_word' id='word_1_480' title='bbox 1640 3067 1678 3099; x_wconf 88' lang='lat' dir='ltr'>et</span> <span class='ocrx_word' id='word_1_481' title='bbox 1705 3056 1823 3098; x_wconf 91' lang='lat' dir='ltr'>nobis</span> <span class='ocrx_word' id='word_1_482' title='bbox 1847 3059 2034 3102; x_wconf 89' lang='lat' dir='ltr'>omnibus</span> <span class='ocrx_word' id='word_1_483' title='bbox 2050 3062 2224 3119; x_wconf 82' lang='lat' dir='ltr'>relique-</span> 
     </span>
     <span class='ocr_line' id='line_1_44' title="bbox 159 3116 2223 3180; baseline -0 -15"><span class='ocrx_word' id='word_1_484' title='bbox 159 3125 224 3166; x_wconf 84' lang='lat' dir='ltr'>rit.</span> <span class='ocrx_word' id='word_1_485' title='bbox 275 3124 322 3163; x_wconf 90' lang='lat' dir='ltr'>In</span> <span class='ocrx_word' id='word_1_486' title='bbox 348 3121 490 3176; x_wconf 88' lang='lat' dir='ltr'>primis</span> <span class='ocrx_word' id='word_1_487' title='bbox 509 3116 676 3171; x_wconf 66' lang='lat' dir='ltr'>fraaos,</span> <span class='ocrx_word' id='word_1_488' title='bbox 701 3129 740 3161; x_wconf 91' lang='lat' dir='ltr'>et</span> <span class='ocrx_word' id='word_1_489' title='bbox 767 3118 987 3163; x_wconf 89' lang='lat' dir='ltr'>debilitatos</span> <span class='ocrx_word' id='word_1_490' title='bbox 1011 3136 1199 3165; x_wconf 88' lang='lat' dir='ltr'>moerore</span> <span class='ocrx_word' id='word_1_491' title='bbox 1215 3126 1374 3165; x_wconf 86' lang='lat' dir='ltr'>animos</span> <span class='ocrx_word' id='word_1_492' title='bbox 1394 3125 1553 3166; x_wconf 76' lang='lat' dir='ltr'>&#39;ciuium</span> <span class='ocrx_word' id='word_1_493' title='bbox 1575 3125 1762 3163; x_wconf 91' lang='lat' dir='ltr'>omnium</span> <span class='ocrx_word' id='word_1_494' title='bbox 1784 3125 1926 3176; x_wconf 90' lang='lat' dir='ltr'>erigit,</span> <span class='ocrx_word' id='word_1_495' title='bbox 1951 3125 2061 3180; x_wconf 90' lang='lat' dir='ltr'>quod</span> <span class='ocrx_word' id='word_1_496' title='bbox 2083 3129 2129 3168; x_wconf 92' lang='lat' dir='ltr'>in</span> <span class='ocrx_word' id='word_1_497' title='bbox 2150 3129 2223 3169; x_wconf 88' lang='lat' dir='ltr'>Se-</span> 
     </span>
     <span class='ocr_line' id='line_1_45' title="bbox 160 3186 2220 3248; baseline -0.001 -12"><span class='ocrx_word' id='word_1_498' title='bbox 160 3187 365 3236; x_wconf 86' lang='lat' dir='ltr'>reniffimo</span> <span class='ocrx_word' id='word_1_499' title='bbox 390 3186 458 3228; x_wconf 89' lang='lat' dir='ltr'>illo</span> <span class='ocrx_word' id='word_1_500' title='bbox 491 3190 930 3246; x_wconf 83' lang='lat' dir='ltr'>FRIDERICO,</span> <span class='ocrx_word' id='word_1_501' title='bbox 964 3201 1085 3244; x_wconf 90' lang='lat' dir='ltr'>quem</span> <span class='ocrx_word' id='word_1_502' title='bbox 1112 3187 1279 3230; x_wconf 87' lang='lat' dir='ltr'>alterurn</span> <span class='ocrx_word' id='word_1_503' title='bbox 1310 3202 1395 3231; x_wconf 91' lang='lat' dir='ltr'>non</span> <span class='ocrx_word' id='word_1_504' title='bbox 1421 3192 1578 3238; x_wconf 87' lang='lat' dir='ltr'>minus,</span> <span class='ocrx_word' id='word_1_505' title='bbox 1603 3200 1726 3242; x_wconf 89' lang='lat' dir='ltr'>quam</span> <span class='ocrx_word' id='word_1_506' title='bbox 1753 3190 1912 3228; x_wconf 88' lang='lat' dir='ltr'>tertium</span> <span class='ocrx_word' id='word_1_507' title='bbox 1935 3203 2082 3232; x_wconf 87' lang='lat' dir='ltr'>vocare</span> <span class='ocrx_word' id='word_1_508' title='bbox 2108 3191 2220 3248; x_wconf 74' lang='lat' dir='ltr'>licet,</span> 
     </span>
     <span class='ocr_line' id='line_1_46' title="bbox 161 3255 2222 3318; baseline 0.002 -19"><span class='ocrx_word' id='word_1_509' title='bbox 161 3256 341 3312; x_wconf 86' lang='lat' dir='ltr'>effigiem</span> <span class='ocrx_word' id='word_1_510' title='bbox 371 3257 531 3311; x_wconf 89' lang='lat' dir='ltr'>vident,</span> <span class='ocrx_word' id='word_1_511' title='bbox 559 3271 676 3318; x_wconf 87' lang='lat' dir='ltr'>atque</span> <span class='ocrx_word' id='word_1_512' title='bbox 694 3264 914 3316; x_wconf 86' lang='lat' dir='ltr'>imaginem</span> <span class='ocrx_word' id='word_1_513' title='bbox 931 3260 1139 3315; x_wconf 89' lang='lat' dir='ltr'>principis,</span> <span class='ocrx_word' id='word_1_514' title='bbox 1169 3271 1289 3314; x_wconf 89' lang='lat' dir='ltr'>quem</span> <span class='ocrx_word' id='word_1_515' title='bbox 1307 3257 1463 3312; x_wconf 86' lang='lat' dir='ltr'>lugent,</span> <span class='ocrx_word' id='word_1_516' title='bbox 1492 3260 1572 3314; x_wconf 89' lang='lat' dir='ltr'>pii,</span> <span class='ocrx_word' id='word_1_517' title='bbox 1598 3256 1688 3298; x_wconf 87' lang='lat' dir='ltr'>iusti</span> <span class='ocrx_word' id='word_1_518' title='bbox 1706 3265 1744 3297; x_wconf 90' lang='lat' dir='ltr'>et</span> <span class='ocrx_word' id='word_1_519' title='bbox 1759 3255 2022 3309; x_wconf 85' lang='lat' dir='ltr'>indulgentis:</span> <span class='ocrx_word' id='word_1_520' title='bbox 2046 3274 2222 3316; x_wconf 88' lang='lat' dir='ltr'>quorum</span> 
     </span>
     <span class='ocr_line' id='line_1_47' title="bbox 161 3321 2222 3383; baseline 0 -15"><span class='ocrx_word' id='word_1_521' title='bbox 161 3326 369 3382; x_wconf 90' lang='lat' dir='ltr'>precibus,</span> <span class='ocrx_word' id='word_1_522' title='bbox 395 3337 433 3368; x_wconf 92' lang='lat' dir='ltr'>et</span> <span class='ocrx_word' id='word_1_523' title='bbox 450 3327 604 3370; x_wconf 91' lang='lat' dir='ltr'>nostras</span> <span class='ocrx_word' id='word_1_524' title='bbox 622 3327 899 3383; x_wconf 82' lang='lat' dir='ltr'>adiungimus,</span> <span class='ocrx_word' id='word_1_525' title='bbox 927 3328 1064 3368; x_wconf 82' lang='lat' dir='ltr'>animo</span> <span class='ocrx_word' id='word_1_526' title='bbox 1083 3325 1256 3375; x_wconf 86' lang='lat' dir='ltr'>fincero,</span> <span class='ocrx_word' id='word_1_527' title='bbox 1283 3334 1401 3380; x_wconf 88' lang='lat' dir='ltr'>atque</span> <span class='ocrx_word' id='word_1_528' title='bbox 1419 3323 1553 3366; x_wconf 87' lang='lat' dir='ltr'>officio</span> <span class='ocrx_word' id='word_1_529' title='bbox 1573 3321 1849 3365; x_wconf 68' lang='lat' dir='ltr'>subieffiffimo</span> <span class='ocrx_word' id='word_1_530' title='bbox 1866 3324 1990 3366; x_wconf 83' lang='lat' dir='ltr'>vitam</span> <span class='ocrx_word' id='word_1_531' title='bbox 2007 3327 2222 3382; x_wconf 79' lang='lat' dir='ltr'>prolixam,</span> 
     </span>
     <span class='ocr_line' id='line_1_48' title="bbox 162 3388 2219 3451; baseline -0.001 -15"><span class='ocrx_word' id='word_1_532' title='bbox 162 3395 379 3450; x_wconf 80' lang='lat' dir='ltr'>imperium</span> <span class='ocrx_word' id='word_1_533' title='bbox 389 3395 598 3451; x_wconf 74' lang='lat' dir='ltr'>securum,</span> <span class='ocrx_word' id='word_1_534' title='bbox 626 3393 792 3438; x_wconf 89' lang='lat' dir='ltr'>domum</span> <span class='ocrx_word' id='word_1_535' title='bbox 810 3404 955 3443; x_wconf 86' lang='lat' dir='ltr'>tutam,</span> <span class='ocrx_word' id='word_1_536' title='bbox 983 3393 1203 3434; x_wconf 88' lang='lat' dir='ltr'>exercitum</span> <span class='ocrx_word' id='word_1_537' title='bbox 1221 3389 1390 3441; x_wconf 87' lang='lat' dir='ltr'>fortem,</span> <span class='ocrx_word' id='word_1_538' title='bbox 1414 3390 1621 3433; x_wconf 87' lang='lat' dir='ltr'>ministros</span> <span class='ocrx_word' id='word_1_539' title='bbox 1643 3388 1791 3440; x_wconf 86' lang='lat' dir='ltr'>fideles,</span> <span class='ocrx_word' id='word_1_540' title='bbox 1820 3389 2015 3444; x_wconf 89' lang='lat' dir='ltr'>populum</span> <span class='ocrx_word' id='word_1_541' title='bbox 2033 3393 2219 3451; x_wconf 64' lang='lat' dir='ltr'>probum,</span> 
     </span>
    </p>

    <p class='ocr_par' dir='ltr' id='par_1_4' title="bbox 2124 3470 2221 3509">
     <span class='ocr_line' id='line_1_49' title="bbox 2124 3470 2221 3509; baseline 0 -11"><span class='ocrx_word' id='word_1_542' title='bbox 2124 3470 2221 3509; x_wconf 79' lang='lat' dir='ltr'>pro-</span> 
     </span>
    </p>
   </div>
  </div>
 </body>
</html>
