2540 4029
286 197 372 258 312
744 163 1397 233 PROGRAMMA
1457 167 1886 240 IENENSE.

285 267 2363 428 —

292 449 519 507 prouincias
539 447 713 500 quietas,
740 457 781 486 et
799 457 1065 501 quaecunque
1089 445 1291 487 christiani
1310 449 1509 502 principis
1528 445 1615 486 sunt
1634 456 1752 489 vota,
1774 458 1889 486 more
1917 450 1990 501 ipfi
2006 454 2170 505 antiquo
2196 447 2360 503 precati.

291 514 526 562 Nostrarum
550 522 648 551 vero
670 509 726 551 est
743 513 937 565 partium.
964 513 1204 551 memoriam
1223 511 1434 554 beatiffimi
1452 514 1665 567 Principis,
1692 511 1798 553 nulla
1823 521 2049 566 temporum
2067 516 2274 558 obliuione
2292 511 2362 553 de·

292 579 474 628 lendam,
500 577 585 631 pie,
612 585 729 630 atque
745 575 936 617 inuiolate
954 575 1207 616 conseruare:
1236 578 1368 632 itaque
1390 575 1490 618 iusta
1511 575 1780 632 parentalium
1799 574 1990 616 solemnia
2008 580 2199 630 perendie
2218 578 2267 621 ab
2286 576 2361 620 ho·

291 663 334 694 ra
353 643 441 701 post
461 639 674 682 meridiem
693 637 862 682 secunda
882 642 936 680 ita
958 638 1270 691 celebrabimus,
1299 650 1341 682 vt
1367 641 1561 697 exsequiis
1582 654 1634 683 ex
1651 640 1810 694 collegii
1830 638 2050 681 academici
2077 643 2175 685 aede
2200 644 2244 684 in
2261 654 2361 684 tern-

291 714 403 771 plum
422 707 668 755 Paullinum,
694 703 843 747 decoro
869 704 1093 759 lugentium
1121 703 1266 746 ordine
1291 704 1490 759 deduffis,
1515 709 1576 749 vir
1601 707 1782 748 maxime
1799 706 2069 758 reuerendus,
2095 720 2212 765 atque
2231 707 2362 763 excel-

291 775 544 826 lentiffimus,
570 777 852 814 ionANNEs
878 782 1143 812 GEORGIVS
1173 782 1478 824 WALcmvs‚
1503 771 1658 815 sanstae
1679 770 1906 826 theologiae
1926 770 2088 822 doffior,
2112 775 2152 815 δε
2169 771 2364 828 professor

293 844 398 904 publ.
417 839 548 884 ordin.
573 849 649 878 nec
675 848 761 876 non
781 833 1026 878 Sereniffimi
1045 835 1280 878 Isenacenfis
1302 837 1425 878 Ducis
1451 851 1474 879 a
1491 837 1666 880 consiliis
1686 836 1823 886 sacris,
1853 847 1891 878 et
1916 850 2238 882 mummicvs
2273 851 2365 881 AN·

292 923 458 959 DREAS
482 914 808 949 HALLBAVER.
838 900 1111 956 eloquentiae,
1138 911 1176 942 et
1192 902 1358 956 poeseos
1377 901 1482 958 prof.
1500 903 1606 959 publ.
1626 903 1757 946 ordin.
1788 905 2011 953 concione,
2038 912 2158 959 atque
2180 905 2363 946 oratione

294 978 475 1027 funebri,
511 975 679 1014 virtutes
713 978 751 1010 et
784 965 940 1018 laudes,
968 981 1066 1023 quas
1095 967 1330 1023 complexus
1358 968 1413 1010 est
1438 968 1629 1021 summas,
1656 967 1909 1024 praedicent,
1937 981 1983 1011 ac
2011 967 2178 1023 posteris
2209 965 2364 1009 tradant

294 1042 519 1093 identidem
545 1031 848 1092 praedicandas.
906 1032 1078 1074 Multum
1104 1031 1156 1074 ad
1182 1031 1382 1075 honorem
1409 1034 1602 1086 vestrum,
1628 1031 1837 1083 cariffimi,
1862 1032 2044 1083 interest,
2074 1041 2116 1073 vt
2134 1030 2294 1083 habitu,
2320 1045 2365 1075 ac

295 1109 409 1163 gestu
424 1105 476 1148 ad
493 1101 642 1146 lustum
658 1097 864 1156 publicum
893 1100 1136 1155 composito,
1164 1095 1393 1154 frequentes
1420 1097 1482 1141 his
1499 1099 1683 1140 intersitis
1710 1098 1853 1148 sacriS,
1880 1107 2058 1139 oratores
2084 1096 2179 1139 istos
2205 1101 2367 1149 attenti,

296 1184 336 1216 et
361 1171 584 1216 constantes
612 1165 804 1215 audiatis,
823 1174 863 1206 et
887 1164 1081 1208 modestia
1107 1166 1380 1206 venerationis
1407 1167 1450 1206 in
1478 1162 1691 1207 beatiffimi
1717 1165 1894 1205 Nutricii
1921 1162 2044 1205 nostri
2070 1165 2225 1205 cineres
2246 1162 2366 1219 plena

297 1237 593 1296 comprobetis,
619 1235 758 1290 quanti
779 1230 918 1274 diuina
937 1234 1024 1272 eius
1042 1229 1228 1273 aduersus
1252 1229 1358 1273 hanc
1386 1229 1561 1272 scholam
1590 1232 1758 1285 pariter,
1783 1239 1900 1290 atque
1921 1240 2128 1285 Vtramque
2148 1226 2366 1284 rempubli-

297 1318 407 1356 cam,
433 1314 471 1346 et
491 1303 658 1352 sacram,
687 1310 724 1342 et
742 1297 926 1348 ciuilem,
951 1299 1094 1338 merita
1120 1295 1296 1338 faciatis:
1337 1295 1501 1338 tandem
1520 1293 1735 1337 nobiscum
1752 1294 2014 1338 sereniffimae
2035 1294 2211 1338 familiae
2225 1293 2366 1356 cons07

346 1368 562 1419 lationem,
588 1377 627 1408 et
644 1364 834 1408 omnibus
850 1364 1074 1406 Saxonicae
1092 1361 1238 1404 domus
1257 1359 1448 1403 heroibus
1470 1373 1693 1416 perennem
1713 1363 1889 1402 exoretis
1908 1360 2080 1402 salutem.
2129 1360 2171 1401 P.
2190 1359 2230 1400 P.
2248 1357 2315 1400 sub

482 1431 595 1476 acad.
612 1433 695 1487 Sig.
714 1430 883 1474 d-xxvn
897 1427 1044 1483 Aprilis
1056 1459 1068 1479 ,
1097 1440 1148 1469 ex
1163 1427 1406 1470 sanfflorum
1424 1425 1712 1469 consuetudine
1725 1424 1943 1485 fastorum,
1971 1427 2186 1470 Dominica

751 1495 885 1539 Miser.
919 1495 1042 1536 Dom.
1075 1505 1184 1535 anno
1203 1524 1215 1544 ,
1250 1506 1372 1549 quam
1408 1491 1659 1535 reconciliata
1696 1491 1753 1535 est
1787 1494 1915 1549 gratia

1109 1560 1204 1613 cI:>⁴
1229 1559 1283 1601 10
1301 1571 1363 1602 cc
1385 1570 1489 1602 xxx
1503 1570 1559 1601 11.

2137 3380 2209 3448 ΙΙ.
2231 3370 2357 3449 PA-
