2540 4029
608 242 1271 335 PANEGYRICVS
1331 244 1783 314 IENENSIS.
1833 351 1836 353 ‚
2043 312 2048 319 .
2133 260 2220 325 317

175 515 336 570 eximia
362 519 414 568 &
446 513 759 579 admirabilia5
815 536 867 569 ea
895 519 958 569 ita
984 518 1033 570 in
1059 515 1271 590 glorioso
1310 518 1713 569 FRlDERlCO
1745 516 2015 566 consociata
2036 515 2139 565 sunt
2168 535 2226 567 o-

173 591 322 651 mnia,
357 607 408 642 vt
435 591 483 642 in
508 610 568 644 eo
595 593 853 663 perfectam
881 591 1108 647 heroum,
1138 612 1164 643 a
1192 591 1364 664 quibus
1383 608 1544 642 ortum
1572 590 1727 650 traxit,
1753 590 2010 661 imaginem
2038 589 2227 661 conspi-

169 665 360 719 ciamus,
438 667 690 740 Qidquid
710 667 838 720 enim
861 665 1066 742 benigna
1086 685 1249 720 natura
1265 666 1429 719 habuit
1444 665 1730 735 praeclarum
1753 668 1804 718 &
1824 664 2133 737 magnificum
2147 711 2158 731 ‚
2175 667 2227 720 in

168 759 318 794 vnum
336 743 548 794 nostrum
572 744 719 813 pleno
740 741 907 795 effudit
927 761 1104 796 cornu,
1140 761 1189 796 vt
1207 742 1322 794 nihil
1345 760 1575 814 vmquam
1595 741 1644 792 in
1664 739 1871 810 principe
1890 740 2227 796 admirandum

165 816 399 870 exstiterit,
430 837 531 890 quo
552 838 656 870 non
674 818 1032 871 cumulatiffime
1050 818 1187 870 fuerit
1205 817 1569 870 condecoratus

303 896 484 944 Nactus
507 911 601 945 erat
623 892 947 945 admirabilem
979 894 1197 964 corporis
1222 893 1457 945 formamt
1500 909 1535 943 o
1560 906 1734 964 quanta
1757 890 1806 941 in
1833 889 1966 942 vultu
1995 893 2226 945 maiestas!

164 985 198 1018 o
216 986 421 1039 quantus
439 969 487 1020 in
509 988 593 1021 ore
615 968 784 1021 decor!
827 989 860 1019 o
882 987 1058 1042 quanta
1078 971 1292 1021 venustas
1311 967 1443 1020 faciei
1463 968 1581 1017 mira
1604 965 1744 1017 natiui
1765 963 1952 1016 ruboris
1974 969 2025 1018 ὅ(
2047 967 2226 1019 coloris

161 1043 380 1095 suauitate
408 1043 636 1115 perfusae!
675 1064 709 1096 o
736 1061 913 1118 quanta
936 1046 985 1097 in
1011 1043 1243 1096 omnibus
1263 1041 1470 1114 partibus
1493 1059 1599 1111 apte
1619 1040 1738 1091 inter
1758 1040 1802 1092 se
1821 1039 2049 1110 dispofitis
2071 1042 2229 1115 digni-1

160 1123 250 1170 tas!
293 1138 414 1190 quae
450 1137 497 1173 vt
515 1121 700 1173 Nostro
723 1119 935 1173 multum
966 1118 1290 1172 conciliabant
1311 1117 1483 1192 gratiae
1510 1121 1561 1170 <Sc
1581 1116 1893 1170 auctoritatis,
1918 1115 1979 1166 ita
1999 1116 2228 1183 spectato-

160 1212 268 1245 rum
288 1194 460 1247 oculos
483 1213 625 1269 atque
644 1195 831 1248 animos
860 1196 909 1247 in
929 1214 1040 1248 eum
1063 1194 1436 1248 conuertebant,
1470 1210 1611 1264 atque
1641 1191 1689 1242 in
1712 1191 1976 1242 maximum
1995 1192 2134 1260 ipfius
2160 1200 2229 1245 rass

158 1268 353 1340 piebant
381 1290 599 1324 amorem
628 1275 680 1326 ὃς
699 1273 1071 1325 venerationem.
1151 1275 1281 1323 Haec
1301 1268 1472 1323 externi
1495 1266 1661 1320 nitoris
1682 1284 1966 1318 ornamenta
1984 1267 2229 1319 interiores

159 1345 304 1397 animi
334 1346 596 1399 excellentis
625 1347 867 1400 facultates
892 1345 1266 1402 adumbrabant,
1310 1361 1361 1399 vt
1388 1344 1439 1396 in
1468 1342 1670 1415 pulchro
1700 1340 1954 1393 domicilio
1982 1341 2227 1413 pulchram

158 1418 369 1472 habitare
392 1439 602 1475 mentem
620 1442 792 1476 omnes
824 1441 933 1475 vere
964 1422 1177 1475 dixerint.
1270 1425 1450 1493 Magna
1468 1416 1732 1472 memoriae
1750 1416 1941 1470 felicitas
1966 1417 2047 1489 ipsi
2068 1436 2161 1470 erat
2180 1419 2230 1470 in

157 1495 646 1565 comprehendendO,
681 1500 903 1552 tenacitas
923 1500 972 1550 in
996 1495 1271 1560 retinend0‚
1303 1496 1510 1548 celeritas
1529 1495 1579 1547 in
1600 1492 1875 1558 reddendo,
1902 1511 1952 1546 vt
1973 1514 2086 1546 cum
2104 1493 2231 1546 The-

157 1571 371 1624 mistocle
398 1573 694 1630 Atheniensi,
724 1591 804 1626 aut
829 1574 1198 1647 QHorrenfio,
1228 1577 1485 1626 Romano,
1506 1569 1775 1624 multorum
1806 1567 2026 1621 laudibus
2055 1589 2232 1622 conce-

157 1645 366 1711 lebratiS‚
396 1649 536 1718 poffit
553 1650 831 1719 comparari.
908 1651 1147 1703 Omnium
1167 1648 1462 1702 scientiarum
1484 1646 1665 1715 capacis
1685 1644 1863 1716 ingenii
1886 1662 2013 1697 tanta
2032 1663 2128 1697 erat
2149 1646 2232 1710 νίς,

156 1737 285 1775 tanta
304 1722 627 1786 foecundita3‚
663 1743 740 1789 vt,
770 1744 891 1797 quae
913 1724 1140 1788 discebat,
1171 1743 1277 1776 non
1303 1741 1401 1775 tam
1434 1722 1645 1791 accipere
1676 1740 1702 1773 a
1731 1718 2046 1783 doctoribus,
2083 1740 2231 1794 quam

155 1797 247 1867 ipse
272 1816 333 1850 ex
350 1800 392 1851 se
421 1813 578 1868 parere
598 1798 846 1853 videretur.
938 1799 1079 1853 Nihil
1099 1816 1197 1852 tam
1215 1798 1426 1854 difficile,
1458 1797 1576 1850 nihil
1605 1816 1702 1849 tam
1724 1795 1952 1850 arduum,
1988 1815 2068 1866 per
2095 1795 2233 1870 quod

152 1871 317 1924 excelsi
337 1872 570 1926 iudicium
590 1876 737 1926 animi
763 1894 870 1926 non
887 1875 1214 1946 penetrauerit.
1300 1877 1439 1945 Qae
1461 1873 1657 1946 quidem
1680 1870 1886 1923 alacritas
1909 1890 2138 1942 perpetuo
2169 1873 2234 1924 ef-

152 1948 339 2010 floruit,
367 1963 495 2000 tanta
514 1948 563 1998 in
582 1951 886 2016 prouectiore
904 1965 1052 2001 aetate
1077 1949 1238 2000 iudicii
1262 1947 1520 2000 accedente
1543 1947 1836 2000 maturitate,
1866 1962 1918 1996 vt
1943 1947 2165 1999 acumine
2183 1948 2234 2001 in

151 2020 412 2085 iudicandis
436 2021 653 2074 maximis
678 2020 818 2075 rebus
841 2021 1173 2075 humanorum
1198 2023 1510 2095 ingeniorum
1529 2021 1646 2074 fines
1667 2038 1814 2089 paene
1839 2019 2085 2075 excesserit.

290 2097 475 2151 quenis
501 2097 760 2150 litterarum
786 2096 946 2150 studiis
964 2115 1062 2151 tam
1083 2099 1273 2154 acriter,
1307 2114 1542 2170 tantoque
1562 2094 1721 2149 studio
1743 2099 1795 2148 &
1818 2094 2064 2165 voluptate
2082 2095 2235 2148 inten—

152 2187 228 2224 tus
254 2170 367 2231 fuit,
399 2190 450 2226 vt
474 2171 604 2225 breui
632 2175 861 2243 temporis
879 2175 1030 2245 spatio
1050 2192 1230 2245 praeter
1245 2173 1551 2226 sanctiffimae
1578 2170 1824 2245 religionis
1842 2169 2040 2235 sancita,
2073 2189 2125 2223 ea
2144 2192 2235 2242 po·

152 2246 403 2310 tiffimum,
433 2265 554 2318 quae
579 2247 640 2300 ad
670 2249 905 2302 rationem
939 2249 1283 2322 gubernandae
1314 2247 1598 2319 reipublicae
1618 2246 1878 2316 pertinent,
1918 2263 2164 2316 praecepta
2185 2247 2235 2300 in

153 2337 408 2374 numerato
444 2319 660 2376 haberet:
709 2322 883 2396 quibus
922 2323 1119 2396 quidem
1159 2323 1219 2376 ad
1250 2321 1479 2391 capienda
1517 2322 1577 2375 de
1612 2320 1749 2372 rebus
1788 2319 1988 2372 summis
2017 2321 2236 2386 confilia‚

152 2396 389 2469 quamdiu
416 2395 604 2449 clauum
629 2398 781 2450 tenuit
808 2398 1016 2468 imperii,
1047 2398 1151 2452 vsus
1183 2399 1245 2451 est
1266 2397 1532 2450 feliciffime.
1608 2400 1796 2447 Exteras
1822 2394 2053 2447 >cultiores
2075 2396 2234 2468 regio·

153 2490 239 2525 nes
254 2490 367 2524 cum
385 2469 568 2523 iudicio
587 2471 818 2524 lustrauit:
859 2492 1019 2526 earum
1037 2492 1142 2525 non
1169 2472 1329 2525 modo
1353 2471 1516 2532 filum,
1552 2486 1769 2532 monte8‚
1807 2468 1972 2533 Vrbes,
2004 2485 2152 2522 turres
2180 2476 2234 2528 ὃς

153 2546 323 2618 palatia
350 2545 491 2610 vidit,
525 2545 604 2598 sed
628 2546 882 2599 nationum
911 2567 1071 2602 mores
1096 2548 1377 2622 indagauit,
1394 2564 1658 2619 regnorum
1679 2548 1732 2598 ὅ(
1753 2562 1908 2596 rerum
1931 2542 2231 2614 publicarum

154 2624 284 2698 leges
310 2621 573 2696 cognouit,
608 2621 864 2695 regionum
892 2640 1034 2697 atque
1060 2623 1251 2678 vrbium
1279 2623 1485 2676 instituta
1504 2620 1769 2692 conspexit,
1801 2619 1997 2673 consilia
2022 2620 2233 2690 pruden-

154 2701 278 2752 tium
304 2716 572 2770 eorumque
598 2714 796 2750 euentus
826 2697 1181 2762 animaduertit,
1212 2703 1263 2754 ὃς
1291 2698 1622 2770 praestantiora
1648 2695 1837 2749 notauit
1867 2696 2059 2758 omnia,
2087 2715 2232 2770 atque

155 2775 221 2827 ita
238 2772 400 2826 multis
418 2772 665 2843 sapientiae
693 2770 926 2827 fructibus
955 2772 1194 2837 collestiS,
1215 2772 1324 2829 inde
1352 2792 1603 2848 tamquam
1630 2791 1684 2825 ex
1707 2787 1920 2825 mercatu
1951 2773 2231 2843 prudentiae

157 2855 210 2905 δε
232 2867 428 2902 morum
456 2848 516 2902 ad
536 2848 648 2901 suos
665 2849 873 2901 reuersus
893 2849 972 2905 est.
1031 2893 1040 2900 ,

295 2928 449 2977 Tanta
477 2924 619 2999 igitur
651 2943 804 2997 quum
834 2923 981 2977 diuini
1007 2923 1153 2977 animi
1183 2921 1426 2976 excelleret
1467 2913 1762 2995 praestaniia,
1802 2939 1956 2975 tantas
1984 2942 2137 2997 quum
2171 2918 2232 2976 ad

157 2999 373 3063 virtutes,
403 3019 525 3073 quae
555 2999 605 3052 in
634 2999 844 3071 principe
875 2999 961 3053 csse
991 2998 1193 3063 debent,
1233 2997 1406 3052 fecisset
1438 3000 1808 3074 progreffione83
1848 2998 2029 3052 factum
2064 3001 2150 3056 est,
2177 3016 2233 3053 vt

157 3079 326 3128 exacto
349 3076 507 3128 aetatis
525 3095 657 3128 anno
689 3079 868 3128 odtauo
901 3080 953 3130 &
981 3075 1200 3138 decim0‚
1236 3075 1469 3147 veniaque
1487 3075 1544 3126 ab
1563 3076 1872 3147 imperatore,
1901 3071 2232 3128 admirabilem

157 3150 380 3222 principis
398 3149 618 3204 indolem
639 3152 878 3208 intuente,
895 3153 1167 3222 impetrata,
1187 3169 1442 3222 purpuram
1464 3149 1667 3208 sumere,
1694 3150 1915 3203 accedere
1946 3148 2005 3203 ad
2039 3169 2232 3220 rempu-

156 3225 356 3281 blicam,
382 3226 716 3301 populumque
736 3229 869 3281 suum
893 3228 986 3298 ipse
1005 3246 1164 3301 regere
1183 3222 1403 3296 potuerit.
1481 3230 1521 3277 A
1542 3245 1645 3297 quo
1665 3245 1885 3296 ternpore
1911 3226 2091 3280 ciuium
2113 3225 2232 3279 salu-

159 3318 205 3354 te
230 3300 350 3354 nihil
383 3300 548 3355 habuit
573 3303 834 3376 antiquius,
870 3322 1139 3376 verumque
1162 3303 1247 3356 sese
1265 3300 1480 3373 praebuit
1506 3302 1680 3371 patriae
1697 3319 1890 3373 patrem.
1967 3303 2074 3355 Siue
2098 3303 2229 3353 enim

157 3377 361 3447 purioris
383 3377 625 3452 religionis
642 3378 971 3444 sinceritatem,
997 3379 1092 3431 siue
1113 3379 1303 3431 iustitiae
1325 3377 1644 3450 integritatem
1666 3374 2080 3449 contemplemurs
2118 3379 2229 3430 vtti-

160 3452 311 3527 usque
326 3453 677 3508 conseruandae
693 3453 958 3509 incredibili
977 3455 1195 3526 flagrauit
1214 3454 1397 3509 ardore.

1300 3540 1417 3595 Lm
2067 3540 2226 3608 Atque
