2540 4029
746 120 1606 191 ALTENBVRGENSIS.
2102 148 2194 208 353

148 405 530 456 RENJSSIMJ.
554 404 923 450 FRIDERICI.
944 409 977 451 Ι.
1004 416 1116 451 cum
1145 401 1368 451 omnium
1387 418 1629 454 curarum,
1655 418 1758 453 tum
1777 400 1990 469 inprimis
2011 398 2060 449 in
2082 397 2194 449 edu-

148 475 302 530 cando
331 488 484 524 tantae
512 472 598 541 spei
626 471 727 524 filio
754 471 969 525 fidiffima
994 473 1139 537 socia,
1167 491 1464 543 praematura
1491 492 1648 527 morte
1677 476 1909 527 exstin&a.
1983 477 2194 526 Tantum

147 566 302 604 autem
321 545 504 601 aberat,
523 564 573 599 vt
590 550 966 600 PRINCIPIS
983 547 1041 600 ad
1059 549 1442 620 magnitudinem
1461 548 1638 621 gloriae
1656 550 1809 622 gentis
1829 548 2082 602 Saxonicae
2099 549 2195 600 for-

145 620 306 677 mandi
338 621 641 692 impediretur
667 620 911 682 educatio,
945 639 995 675 vt
1022 624 1179 692 potius
1211 643 1312 694 quo
1343 624 1500 675 minus
1525 643 1762 681 remoram
1784 625 1875 694 pati
1895 623 2128 678 videretur
2144 625 2194 676 in

143 696 311 750 mediis
341 701 481 751 PRO
496 701 537 750 V
551 701 571 749 1
583 701 672 750 DE
686 698 895 750 NTISS
910 699 927 748 I
941 699 999 749 M
1011 700 1042 749 Ι.
1073 701 1306 751 PATRIS
1338 697 1709 751 solicitudinibus
1736 700 1915 751 strenue
1933 717 2198 771 Vrgeretun

141 791 366 844 annoque
392 772 617 825 nondum
650 770 954 840 praeterlapso
984 770 1298 842 pulcherrime
1324 775 1565 826 instaurata
1584 775 1938 828 continuaretur
1957 772 2192 825 beneficio

138 850 397 900 Nouercae
419 847 513 899 fine
543 846 709 898 animo
735 845 983 919 oculisque
1012 847 1344 900 nouercalibus
1370 857 1874 902 SERENISSIMAE.
1918 854 2205 902 CHRISTI

139 926 263 975 NAE.
338 922 499 975 Pofitis
524 940 643 993 ergo
667 919 969 975 rudimentis,
995 921 1048 973 iis
1073 921 1271 994 quidem
1298 922 1460 987 rebuS,
1487 943 1604 996 quas
1623 924 1695 976 vel
1718 924 1789 976 illa
1811 941 1931 975 aetas
1951 923 2030 974 vel
2047 924 2197 975 maio-

138 1015 247 1049 rum
278 999 374 1067 spes
400 998 706 1068 profectuum
731 994 1019 1069 requirebat,
1046 997 1419 1069 exquifitiffimos
1437 1003 1601 1050 naecus
1624 1003 1675 1052 ἀ
1695 1014 2020 1068 praeceptores
2045 1001 2095 1050 ὅ(
2113 1018 2195 1049 cu-

139 1073 297 1125 stodes
320 1077 370 1127 δε
390 1074 634 1146 magistros
654 1091 877 1127 morum,
901 1089 1058 1123 tantos
1078 1071 1128 1123 in
1146 1072 1321 1146 linguis
1337 1074 1504 1125 Latina
1523 1077 1574 1126 &
1594 1074 1785 1137 Gallica,
1809 1089 1968 1125 tantos
1987 1071 2036 1122 in
2057 1073 2197 1124 scien-

139 1148 233 1209 tiis,
261 1147 540 1222 theologica
567 1147 850 1217 praesertim,
876 1147 988 1199 fecit
1014 1147 1299 1220 progreffuS,
1330 1163 1509 1200 tantam
1536 1149 1656 1201 vitae
1679 1147 1870 1201 adsciuit
1889 1145 2196 1219 elegantiam,

138 1241 213 1287 Vt,
232 1242 464 1295 quantum
483 1222 664 1297 generis
684 1222 911 1275 emineret
929 1223 1284 1295 praerogatiui5‚
1302 1239 1486 1275 tantum
1505 1223 1699 1295 ingenii,
1715 1222 1960 1275 dostrinae
1979 1240 2199 1273 morum-

139 1317 233 1371 que
251 1303 302 1352 &
319 1299 533 1351 suauitate
553 1302 604 1353 ὃς
621 1297 802 1371 gloria,
826 1296 1080 1350 accedente
1098 1296 1427 1367 philosophiae
1447 1297 1620 1362 ciuilis,
1651 1299 1759 1349 iuris
1780 1300 1922 1350 etiam
1943 1300 1994 1349 ὃς
2015 1294 2197 1348 mathe-

138 1375 338 1426 maticae
362 1375 665 1446 cognitione,
690 1372 1022 1425 accedentibus
1051 1373 1192 1426 etiam
1218 1392 1340 1446 quae
1367 1372 1426 1424 ad
1446 1374 1826 1443 opportunitates
1844 1370 2199 1443 habilitatesque

138 1449 374 1518 corporiS,
390 1449 526 1521 quod
547 1447 921 1517 pulcherrimum
943 1465 1102 1500 natura
1122 1447 1362 1512 tribuerat,
1382 1450 1637 1518 pertinent,
1655 1447 1853 1510 artibu5‚
1881 1465 2052 1498 omnes
2070 1463 2198 1498 ante-

137 1524 363 1586 celluerit,
392 1528 470 1577 PR
484 1529 503 1577 l
515 1530 563 1578 N
578 1529 621 1576 C
633 1528 668 1575 E
681 1527 764 1576 PS.
801 1526 875 1575 IV
889 1526 931 1575 V
944 1528 979 1576 E
990 1527 1042 1575 N
1053 1527 1095 1575 T
1107 1527 1274 1577 VTIS
1305 1543 1420 1576 vero
1448 1525 1740 1596 proprioque
1770 1523 1971 1575 nomine
2002 1521 2199 1573 salutan-

138 1597 241 1654 duS.
314 1599 387 1651 Sic
416 1599 640 1653 educatus
659 1619 764 1651 non
785 1614 968 1668 poterat
986 1617 1092 1650 non
1112 1598 1412 1672 singulorum
1434 1599 1483 1651 in
1502 1602 1558 1653 Se
1576 1599 1785 1652 deriuate
1805 1597 2000 1660 ocuIOS,
2030 1597 2076 1647 in
2081 1615 2199 1669 gen*

137 1692 234 1728 tem
263 1676 447 1727 cundtis
469 1675 701 1747 planeque
724 1672 1052 1726 incredibilem
1072 1675 1334 1737 concitare,
1364 1674 1654 1728 concitatam
1678 1693 1790 1726 cum
1812 1671 2127 1727 admiratione
2149 1690 2198 1725 v·

136 1750 431 1802 niuetsorum
459 1751 643 1804 vincere
670 1750 747 1802 Sui
768 1748 1178 1818 exspectationem.
1256 1755 1313 1802 Et
1328 1749 1431 1802 sane
1452 1750 1586 1814 vicit,
1603 1749 1790 1822 reliquis
1810 1747 2008 1801 scientiis
2032 1745 2200 1799 adiun-

137 1830 213 1878 Cta
234 1825 372 1877 etiam
398 1829 684 1879 Graecarum
709 1825 968 1877 litterarum
985 1825 1177 1885 notitia,
1205 1822 1378 1896 quibus
1398 1841 1583 1877 tantum
1602 1826 1888 1895 profecerat,
1914 1841 1961 1877 vt
1984 1822 2060 1874 vel
2085 1823 2132 1874 in
2154 1841 2200 1874 a·

134 1899 418 1952 dolescentia
431 1903 522 1952 Sua
543 1900 683 1953 Noui
701 1898 922 1952 Foederis
943 1898 1166 1951 codicem
1179 1943 1191 1962 ,
1209 1899 1286 1963 fic,
1306 1916 1358 1951 vt
1377 1918 1626 1969 praeeunte
1646 1900 1723 1952 vel
1741 1901 2072 1967 interpretante
2093 1897 2198 1949 nul*

132 1975 185 2027 lo
203 1974 400 2048 eguerit,
419 1976 600 2042 Suoptc
618 1973 815 2040 ingenio
837 1975 1046 2040 potuerit
1064 1972 1309 2028 euoluere,
1328 1974 1614 2045 intelligere,
1641 1973 1688 2024 id
1710 1973 1846 2044 quod
1867 1972 1937 2023 his
1956 1972 2059 2040 ipsis
2080 1972 2198 2024 auri—

133 2049 246 2111 buS‚
273 2066 426 2119 quum
453 2048 749 2117 postremum
777 2045 946 2098 officio
977 2045 1142 2098 natalis
1173 2044 1264 2098 diei
1285 2047 1554 2099 interfuisset
1581 2050 1894 2103 PRINCEPS.
1921 2049 2199 2100 CLEMEN

130 2125 420 2176 TISSIMVS
447 2142 502 2176 ex
533 2123 700 2175 saneto
728 2119 1006 2173 discedentis
1025 2140 1079 2174 ex
1099 2119 1198 2173 hoc
1220 2123 1387 2175 nostro
1408 2121 1671 2194 Gymnafio
1692 2141 1797 2186 ore,
1825 2121 2005 2192 semper
2029 2121 2199 2173 memi-

133 2218 275 2259 nero,
303 2198 501 2250 memini
520 2195 742 2250 inaudite.
820 2195 1264 2264 Quemadmodum
1295 2217 1412 2251 vero
1433 2199 1616 2250 summa
1634 2197 1822 2272 ingenia
1841 2198 2037 2252 summis
2060 2197 2200 2249 inter-

132 2274 252 2325 dum
279 2274 478 2325 exerceri
503 2268 854 2325 difficultatibus
878 2271 1303 2340 deprehendimUS,
1331 2272 1508 2344 ipfique
1528 2273 1766 2325 malorum
1787 2291 2052 2324 auerrunco
2075 2277 2198 2325 Her-

133 2348 227 2402 culi
248 2347 525 2400 atrociffima
550 2344 808 2417 superanda
828 2345 1019 2397 fuerunt
1036 2344 1263 2414 pericula,
1287 2344 1653 2398 innumerabiles
1668 2346 1932 2409 molestiae,
1959 2365 2112 2418 quum
2134 2346 2196 2398 ad

133 2423 285 2477 illam,
313 2422 445 2474 cuius
475 2422 610 2494 plena
634 2422 741 2474 sunt
757 2420 989 2473 vetustatis
1008 2419 1334 2479 monimenta,
1359 2419 1586 2493 gloriam,
1613 2420 1792 2473 virtutis
1813 2421 1886 2474 via
1903 2420 2195 2493 grassaretur,

136 2502 462 2558 deuorandae:
503 2507 569 2558 Ita
595 2514 900 2560 DIVINVS.
944 2492 1178 2558 FRID
1192 2493 1359 2558 ERI
1375 2493 1572 2572 CVS,
1600 2501 1794 2557 vixdum
1814 2502 2090 2575 quindecim
2110 2524 2194 2557 na-

133 2599 210 2635 tus
239 2598 420 2641 annos,
450 2596 545 2651 tam
571 2581 704 2655 graui
733 2597 927 2652 tamque
954 2580 1205 2649 repentino
1234 2579 1546 2633 obiiciebatur
1573 2579 1714 2643 casui,
1740 2578 1816 2633 cui
1847 2582 1971 2630 redte
1992 2579 2191 2632 ferendo

134 2675 240 2710 non
257 2654 340 2708 nifi
355 2659 519 2727 magni
536 2655 772 2709 sufficiunt
791 2656 939 2708 animi
957 2655 1219 2727 similesque
1236 2659 1438 2709 IPSIVS.
1515 2658 1615 2708 Iam
1642 2655 1701 2706 ad
1722 2654 1905 2707 altiores
1922 2653 2190 2708 studiorum

134 2731 306 2805 gradus
323 2729 501 2783 enitens
519 2732 694 2784 Halam
714 2729 920 2783 abiturus
942 2747 1059 2786 erat,
1079 2732 1179 2802 ipso
1202 2731 1340 2784 etiarn
1359 2734 1482 2784 SER
1494 2734 1591 2784 EN
1603 2733 1699 2783 ISS
1711 2733 1729 2782 I
1743 2731 1872 2783 ΜΟ.
1894 2734 1928 2782 E
1940 2733 2078 2782 LEC
2090 2734 2193 2783 TO

133 2811 234 2861 RE.
257 2810 616 2860 BRANDEN
629 2810 858 2859 BVRGI
873 2811 975 2860 CO
997 2824 1214 2867 curante,
1234 2807 1298 2860 vti
1321 2806 1591 2859 commoda
1612 2824 1722 2858 cum
1748 2814 1893 2857 Fratre
1915 2806 2190 2872 coniunfflff-

129 2903 227 2947 ww,
253 2900 398 2954 quem
428 2881 595 2935 viuum
623 2880 953 2934 incredibiliter
975 2881 1163 2946 dilexit,
1177 2898 1426 2935 mortuum
1449 2881 1733 2953 ampliffimis
1752 2899 1841 2950 pro
1863 2881 2191 2954 magnitudine

135 2958 312 3012 amoris
341 2956 587 3010 decorauit
613 2957 947 3021 monimentiS,
980 2975 1182 3011 vteretut
1212 2956 1524 3010 habitatione:
1558 2974 1711 3030 quum
1739 2955 1863 3008 fatali
1884 2956 2091 3028 quadam
2110 2976 2190 3010 ne-

134 3034 334 3087 ceffitate
354 3051 381 3083 a
405 3033 656 3104 proposito
683 3049 1005 3097 reuocaretur,
1040 3029 1316 3106 infatigabili
1350 3037 1470 3085 PAT
1482 3037 1522 3086 R
1535 3035 1554 3084 I
1567 3036 1606 3088 S.
1632 3035 1661 3085 S
1673 3035 1753 3084 ER
1768 3036 1861 3084 EN
1872 3034 2101 3084 ISSIMI
2133 3052 2189 3085 o-

134 3108 333 3180 pinione
359 3107 492 3160 citius
518 3110 568 3162 in
589 3109 810 3162 familiare
830 3108 930 3161 Suis
952 3107 1201 3163 virtutibus
1219 3109 1412 3162 coelum
1433 3108 1637 3161 translati
1663 3106 1961 3177 prouidentia
1980 3105 2187 3162 orbatus,

132 3184 225 3238 Sed
245 3181 430 3236 aduersa
447 3202 678 3258 magnum
698 3182 980 3256 probabant.

272 3257 351 3310 Ille
376 3257 572 3312 demum
595 3259 765 3313 habere
786 3259 912 3330 posle
938 3260 1056 3313 vitae
1078 3260 1180 3312 suae
1199 3256 1406 3310 modum
1427 3258 1686 3311 censendus
1706 3259 1793 3312 est,
1813 3257 1887 3310 ille
1906 3258 2101 3311 demum
2118 3257 2184 3310 sui

135 3358 210 3395 tex
227 3339 558 3411 adpellandus‚
576 3341 681 3414 qui,
702 3360 853 3416 quum
872 3341 965 3411 ipse
983 3340 1077 3394 aliis
1093 3340 1502 3471 imperarelpoffit,
1521 3359 1572 3393 ea
1590 3357 1758 3404 aetate,
1779 3361 1870 3415 qua
1894 3360 1987 3397 etat
2022 3333 2072 3397 F
2083 3332 2185 3471 ΒΕ

1350 3435 1378 3471 V
1399 3434 1467 3469 vv
2032 3422 2156 3473 DER
