2540 4029
530 190 1198 288 PANEGYchvs
1259 219 1706 288 1⁴ENENsrs.
2102 239 2202 303 319

161 341 2184 455 —
2201 418 2207 431 1'

148 490 270 543 iuxta
289 490 446 539 Deum
465 485 630 556 pietate
650 487 823 544 coluit5
855 487 918 539 ita
940 487 1066 558 apud
1087 489 1286 541 eosdem
1306 509 1489 564 magno
1511 491 1618 543 effet
1636 493 1685 543 in
1705 490 1917 557 honore,
1936 498 1987 548 ὃς
2005 513 2203 564 praeter-

148 583 202 618 ea
224 559 284 614 ab
311 559 539 614 omnibus
565 567 781 635 Europae
809 561 1023 637 regibus,
1049 566 1422 638 Germaniaeque
1449 565 1758 637 principibus,
1785 586 1926 642 atque
1949 568 2208 629 ordinibus

148 636 481 691 obseruaretur.

279 709 527 764 Subie&os
554 710 637 764 fibi
666 710 853 783 propria
878 710 970 764 vita
997 709 1164 765 habuit
1191 714 1417 777 carioreS,
1456 734 1723 789 eorumque
1753 716 1866 769 salus
1892 717 1973 788 ipsi
1993 719 2208 790 suprema

142 785 245 839 lex,
269 806 439 840 norma
460 787 768 840 consiliorum
787 785 1131 860 actionumque
1152 788 1327 860 semper
1351 791 1437 843 fuit
1457 790 1697 843 omnium.
1775 793 2011 864 Qotidie
2035 814 2207 850 eorum

140 859 324 915 audiuit
349 862 587 926 desideria,
616 862 972 933 supplicantium
1001 861 1216 933 precibus
1244 863 1526 935 subscripsit,
1559 866 1916 920 consulentibus
1941 869 2207 939 respondit.

142 935 242 989 lites
271 936 470 995 decidit,
507 936 732 991 mandata
767 936 923 992 dedit,
957 955 1098 1011 atque
1132 938 1216 991 alia
1243 939 1387 1004 obiit,
1421 959 1542 1013 quae
1570 941 1764 1011 publica
1788 943 1904 996 salus
1931 944 2207 1015 requirebat.

145 1012 449 1085 Disciplinam
480 1013 593 1068 fori,
622 1017 673 1067 &
698 1011 987 1065 iudiciorum
1010 1013 1215 1066 rationes
1240 1016 1366 1068 iustis
1386 1015 1626 1068 ordinauit
1645 1017 1841 1071 statutis:
1885 1019 2056 1071 multas
2074 1024 2126 1074 <Sc
2144 1020 2210 1072 sa-

142 1086 417 1143 luberrimas
445 1089 550 1142 tulit
569 1088 722 1162 legeS,
751 1106 893 1161 atque
910 1089 959 1140 in
979 1107 1182 1141 omnem
1205 1109 1387 1160 partem
1411 1093 1607 1144 suorum
1629 1093 1860 1163 prospexit
1881 1093 2212 1155 incolumitati,

143 1166 290 1220 Ιῑιόὶεε
318 1167 495 1218 vetusta
522 1165 761 1218 maiorum
788 1181 912 1216 aetas
938 1164 1044 1216 suos
1074 1164 1380 1235 imperatores
1408 1169 1461 1220 δε
1488 1184 1641 1240 reges:
1677 1165 1750 1219 his
1778 1173 1810 1221 F
1818 1172 2212 1223 RlDERICVS

143 1257 302 1313 neque
324 1241 553 1295 virtutum
570 1239 901 1295 documentis,
935 1259 1090 1313 neque
1113 1242 1392 1296 meritorum
1411 1241 1553 1312 copia
1578 1241 1718 1296 cessit.
1793 1243 2069 1296 Glorientur
2090 1244 2211 1318 regi-

142 1333 263 1369 ones
282 1315 393 1370 aliae
412 1316 460 1369 in
480 1316 674 1370 suorum
702 1315 969 1387 principum
991 1314 1229 1370 laudibus:
1261 1317 1362 1372 illae
1387 1334 1548 1369 tamen
1574 1320 2043 1372 FRIDERICVM
2063 1318 2213 1371 admi,

142 1392 229 1444 rari
249 1410 503 1467 coguntur.
577 1390 888 1463 Obstupescet
906 1392 1169 1462 posteritas,
1190 1394 1380 1466 quoties
1400 1393 1734 1446 Fridericianae
1756 1394 1999 1466 sapientiae
2018 1397 2068 1447 in
2091 1394 2212 1447 diui-

142 1467 216 1521 nis
232 1466 549 1541 humanisque
569 1466 708 1520 rebus
729 1466 957 1521 omnibus
985 1468 1302 1539 expreffiffima
1326 1468 1513 1542 vestigia
1531 1469 1802 1539 conspiciet.

284 1543 441 1616 Qod
462 1543 590 1597 enim
609 1542 727 1596 olim
748 1542 807 1597 de
826 1543 1108 1612 Scipionum
1132 1562 1276 1619 gente
1300 1542 1586 1597 celebratum
1607 1544 1719 1609 fuit,
1737 1561 1897 1598 natam
1921 1564 2027 1598 eam
2048 1545 2133 1600 effe
2154 1545 2214 1600 ad

142 1617 484 1693 Carthaginem
514 1617 801 1673 vincendam
813 1644 826 1683 3
885 1619 1031 1673 fimile
1060 1619 1120 1673 de
1153 1622 1555 1675 FRIDERICO
1595 1620 1760 1674 nostro
1786 1620 2002 1686 dixerim,
2042 1640 2213 1676 natum

141 1713 255 1748 eum
275 1695 401 1749 fuisse
428 1694 488 1748 ad
517 1695 786 1748 ornandam
814 1715 913 1749 rem
935 1694 1204 1767 publicam,
1225 1695 1285 1749 ad
1304 1694 1505 1760 tuenda,
1525 1696 1745 1771 augenda
1761 1713 1903 1770 atque
1921 1697 2216 1769 amplifican—

142 1769 228 1836 da,
252 1791 374 1845 quae
400 1769 646 1825 laboribus
677 1773 886 1847 magnis,
916 1772 1130 1843 periculis
1151 1772 1338 1829 multis,
1370 1772 1542 1826 virtute
1559 1773 1728 1826 eximia
1754 1792 1780 1826 a
1802 1771 2064 1827 maioribus
2084 1789 2215 1827 erant

140 1846 480 1920 gloriofissimis
510 1865 660 1918 parta,
693 1847 755 1900 ad
783 1848 1024 1913 iustitiam,
1064 1868 1325 1923 regnorum
1349 1853 1403 1903 ὃς
1434 1847 1683 1902 ciuitatum
1714 1848 1946 1913 fulcrum,
1984 1849 2044 1902 ab
2074 1848 2215 1903 omni

140 1922 410 1994 corruptela
427 1924 600 1974 castam
615 1938 760 1994 atque
776 1922 1010 1996 integram
1029 1923 1427 1985 conseruandarm
1445 1922 1507 1976 ad
1527 1922 1735 1976 beandas
1756 1925 1853 1976 suas
1872 1926 2153 1994 prouincias,

281 2001 465 2065 MusaS,
494 2017 617 2073 quae
646 1999 870 2069 pietatem
898 1999 1145 2057 erudiunt,
1178 2006 1230 2057 <Sc
1261 2020 1362 2055 tem
1391 2000 1632 2073 publicam
1661 2001 1876 2067 firmant,
1913 2002 2063 2057 hodie
2096 2024 2215 2060 vero

137 2095 253 2132 cum
274 2074 509 2129 maiestate
524 2093 629 2129 raro
648 2075 973 2139 conueniunt,
992 2095 1097 2130 non
1126 2093 1223 2130 tam
1244 2076 1525 2142 aestimauit,
1555 2095 1705 2151 quam
1723 2078 1947 2150 exemplo
1969 2081 2054 2133 suo
2076 2101 2218 2135 com·

139 2149 409 2214 mendauit,
426 2171 481 2204 ac
501 2148 742 2205 beneficiis
763 2151 976 2205 maximis
999 2153 1273 2207 cumulauit.
1351 2152 1603 2228 Cogitate,
1622 2152 1886 2218 auditores,
1908 2175 2013 2228 quo
2033 2156 2109 2210 ille
2130 2158 2222 2211 stu-

140 2227 227 2282 dio
251 2226 381 2281 'hanc
401 2226 661 2280 litterarum
683 2225 861 2287 sedem,
892 2226 1016 2280 hanc
1037 2229 1280 2299 sapientiae
1298 2227 1489 2283 diuinae
1511 2233 1563 2284 ὃς
1582 2227 1823 2283 humanae
1844 2230 2091 2285 officinam
2105 2277 2116 2295 ,
2135 2232 2217 2285 ad-

139 2303 406 2357 ornauerit?
445 2321 594 2375 quam
619 2300 870 2356 liberaliter
895 2302 1059 2355 aluerit
1089 2303 1345 2356 dodi-ores?
1387 2323 1536 2375 quarn
1566 2304 1749 2358 insolita
1769 2324 1863 2357 nos
1886 2325 2058 2360 omnes
2077 2327 2215 2361 com-

140 2377 303 2451 plexus
328 2376 465 2430 fuerit
483 2375 839 2431 beneuolentia?
917 2380 1037 2450 Quo
1070 2376 1267 2450 quidem
1286 2394 1374 2430 tuo
1393 2378 1647 2431 litterarum
1669 2398 1856 2443 amore,
1885 2381 2214 2437 immortalita,

141 2471 188 2508 te
208 2452 475 2526 digniffime
506 2453 744 2524 princeps,
770 2471 867 2526 qua
886 2455 1115 2523 propensa
1139 2453 1187 2505 in
1207 2452 1305 2506 hoc
1327 2470 1656 2526 prytanaeum,
1687 2470 1859 2527 totque
1877 2454 1986 2508 alias
2006 2456 2216 2524 scholas,

143 2532 196 2585 ὃς
223 2529 273 2581 in
299 2527 511 2581 eruditos
542 2548 716 2583 omnes
744 2527 991 2582 voluntate
1015 2547 1070 2581 ac
1090 2526 1398 2582 beneficentia
1419 2529 1647 2583 meruisti,
1685 2546 1736 2583 vt
1757 2530 1992 2584 virtutum
2023 2550 2214 2589 tuarum

140 2604 349 2682 gloriam
367 2623 489 2658 voce
506 2608 558 2660 &
576 2604 749 2675 scriptis
763 2604 811 2656 in
831 2603 1127 2657 saeculorum
1153 2604 1450 2676 proferamus
1470 2603 1775 2662 memoriam.

282 2687 387 2741 Dixi
407 2685 574 2740 multa:
605 2686 683 2741 sed
703 2685 930 2740 nondum
949 2687 1113 2741 omnia
1132 2686 1336 2741 dicenda
1352 2687 1497 2764 attigi.
1574 2692 1750 2760 Neque
1771 2689 1900 2740 enim
1921 2687 2016 2741 fieri
2037 2693 2213 2760 potest,

143 2780 197 2818 vt
220 2761 425 2815 infinitas
448 2762 608 2817 laudes
638 2767 774 2816 vnius
801 2763 947 2816 horae
969 2763 1170 2834 spatium
1199 2764 1362 2834 capiat.
1439 2763 1629 2817 Restant
1654 2763 1874 2834 plurima,
1900 2783 2048 2838 eaque
2073 2767 2211 2820 laude

143 2838 432 2913 digniffima:
474 2838 534 2892 de
558 2837 732 2913 quibus
761 2857 877 2892 vero
903 2858 1055 2911 quum
1085 2839 1216 2893 nulla
1235 2839 1523 2893 conticescet
1541 2858 1685 2903 aeras,
1705 2858 1801 2914 ego
1831 2858 1981 2892 tacere
2002 2843 2211 2910 possum:

142 2914 401 2969 aeternitati
418 2916 546 2967 enim
577 2918 670 2967 iam
693 2914 880 2968 dudum
898 2914 1003 2968 sunt
1020 2915 1378 2980 commendata.
1456 2920 1630 2989 Neque
1650 2916 1871 2979 deerunt,
1893 2917 1974 2988 qui
1993 2917 2089 2969 hoc
2110 2919 2210 2989 ipso

145 2990 223 3044 die
249 2991 629 3064 magnitudinem
654 2991 824 3055 animi,
856 3009 975 3064 quae
1003 3010 1114 3044 eum
1144 3011 1234 3044 nec
1261 2990 1320 3044 ab
1343 2990 1568 3056 aduersis,
1599 3011 1687 3043 nec
1705 3012 1729 3044 a
1751 2991 1980 3061 prosperis
1997 2992 2157 3058 rebuS,
2184 3013 2211 3049 a

144 3065 387 3120 stabilitate
416 3070 466 3120 ὅ(
492 3066 780 3120 firmitudine
808 3068 881 3120 sua
909 3065 1144 3120 dimoueri
1173 3066 1397 3138 permisit,
1429 3067 1727 3123 collaudents
1769 3068 1849 3140 qui
1878 3068 2208 3123 admirabilem

144 3141 475 3196 clementiam,
491 3162 583 3216 qua
603 3144 891 3196 seueritatem
911 3143 1207 3212 temperauit‚
1229 3143 1481 3202 extollant5
1522 3144 1603 3216 qui
1626 3142 1994 3195 misericordiam
2011 3190 2022 3208 ,
2050 3146 2204 3198 muni-

145 3217 407 3280 ficentiam,
424 3216 769 3274 liberalitatem,
791 3216 1578 3282 humanitatem,moderationem‚
1599 3220 1961 3274 continentiam,
1979 3220 2211 3273 modesti-

146 3312 246 3349 am,
258 3293 584 3355 constantiam,
603 3299 653 3347 ὅ(
669 3295 878 3369 reliquas
895 3292 1066 3367 quibus
1083 3295 1314 3353 excelluit,
1333 3295 1525 3347 virtutes
1552 3295 1707 3369 dignis
1726 3312 1957 3347 exornent
1975 3295 2203 3349 laudibus

286 3370 410 3424 Mihi
439 3371 571 3426 liceat
598 3372 647 3425 id
666 3389 849 3426 tantum
871 3372 1062 3429 addere,
1092 3377 1551 3429 FRIDERICVM
1586 3376 1800 3427 nostrum
1824 3374 1872 3424 in
1894 3392 1993 3426 tota
2016 3377 2130 3437 vita,
2157 3391 2206 3427 vt

150 3443 369 3500 virtutem
388 3448 646 3513 comitem5
680 3449 741 3501 ita
759 3448 877 3504 inter
889 3448 1178 3525 pedissequas
1199 3450 1444 3505 fortunam
1464 3448 1680 3502 habuisse.
1773 3455 1899 3502 Raro
1921 3449 2204 3523 aegrotauit,

2006 3527 2201 3576 auetum
